%%%%%%%%%%%%%%%%%%%%%%%%%%%%%%%%%%%%%%%%%%%%%%%%%%%%%%%%%%%%%%%%%%%%%%%%%%%%%%%%
%                               DICTIONNARY                                    %
%%%%%%%%%%%%%%%%%%%%%%%%%%%%%%%%%%%%%%%%%%%%%%%%%%%%%%%%%%%%%%%%%%%%%%%%%%%%%%%%
@incollection{mw:safety,
  author    = {Merriam-Webster},
  title     = {``safety''},
  booktitle = {Merriam-Webster.com dictionary},
  howpublished       = {\url{https://www.merriam-webster.com/dictionary/safety}},
  urldate   = {2020-08-26},
  year      = {2020},
  month     = {August},
  date      = {26 august 2020},
}
@incollection{mw:security,
  author    = {Merriam-Webster},
  title     = {``security''},
  booktitle = {Merriam-Webster.com dictionary},
  howpublished       = {\url{https://www.merriam-webster.com/dictionary/security}},
  urldate   = {2020-08-26},
  year      = {2020},
  month     = {August},
  date      = {26 august 2020},
}
@incollection{mw:hazardous,
  author    = {Merriam-Webster},
  title     = {``hazardous''},
  booktitle = {Merriam-Webster.com dictionary},
  howpublished       = {\url{https://www.merriam-webster.com/dictionary/hazardous}},
  urldate   = {2020-08-26},
  year      = {2020},
  month     = {August},
  date      = {26 august 2020},
}
@collection{mw,
  booktitle = {Merriam-Webster.com dictionary},
  url       = {https://www.merriam-webster.com/dictionary/safety},
}
%%%%%%%%%%%%%%%%%%%%%%%%%%%%%%%%%%%%%%%%%%%%%%%%%%%%%%%%%%%%%%%%%%%%%%%%%%%%%%%%
                                RAPPORTS
%%%%%%%%%%%%%%%%%%%%%%%%%%%%%%%%%%%%%%%%%%%%%%%%%%%%%%%%%%%%%%%%%%%%%%%%%%%%%%%%
@techreport{nist_eco_impact_2018,
  author = {David Leech and
 	    Stacey Ferris and
	    John Scott},
  title  = {The Economic Impacts of the Advanced Encryption Standard, 1996-2017},
  institution  = {National Institute for Standard and Technology},
  keywords  = {cryptography, encryption, economic impact},
  year  = {2018},
  url  = {https://doi.org/10.6028/NIST.GCR.18-017},
  doi  = {10.6028/NIST.GCR.18-017}
}
@techreport{nist_auth_guidelines_2006,
  author = {William Burr and
      Donna Dodson  and
      W. Polk},
  title  = {Electronic Authentication Guideline},
  institution  = {National Institute for Standard and Technology},
  keywords  = { authentication, authentication assurance, credentials service provider, cryptography, electronic authentication, electronic credentials, electronic transactions, electronic government, identity proofing, passwords, PKI, Public Key Infrastructure, tokens },
  year  = {2006},
  url  = {https://doi.org/10.6028/NIST.SP.800-63-2},
  doi  = {10.6028/NIST.SP.800-63-2}
}
@Misc{ABI,
  Title                    = {8.8 Billion Smart Cards Shipped in 2014 Driven by Growth in the Banking and SIM Card Markets},
  HowPublished             = {\href{https://www.abiresearch.com/press/ 88-billion-smart-cards-shipped-in-2014-driven-by-g/}{https://www.abiresearch.com/press/88-billion-smart-cards-shipped-in-2014-driven-by-g/}},
  Note                     = {Accessed: 2020-09-11}
}
%%%%%%%%%%%%%%%%%%%%%%%%%%%%%%%%%%%%%%%%%%%%%%%%%%%%%%%%%%%%%%%%%%%%%%%%%%%%%%%%
                                STANDARD
%%%%%%%%%%%%%%%%%%%%%%%%%%%%%%%%%%%%%%%%%%%%%%%%%%%%%%%%%%%%%%%%%%%%%%%%%%%%%%%%
@techreport{nist_2001,
  location = {Gaithersburg, {MD}},
  title = {Advanced encryption standard ({AES})},
  url = {http://nvlpubs.nist.gov/nistpubs/FIPS/NIST.FIPS.197.pdf},
  number = {{NIST} {FIPS} 197},
  institution = {National Institute of Standards and Technology},
  author = {{National Institute of Standards and Technology}},
  year = {2001},
  doi = {10.6028/NIST.FIPS.197},
}
%%%%%%%%%%%%%%%%%%%%%%%%%%%%%%%%%%%%%%%%%%%%%%%%%%%%%%%%%%%%%%%%%%%%%%%%%%%%%%%%
                                CODE SOURCE
%%%%%%%%%%%%%%%%%%%%%%%%%%%%%%%%%%%%%%%%%%%%%%%%%%%%%%%%%%%%%%%%%%%%%%%%%%%%%%%%
@misc{mbed_tls_code,
  author    = {ARMmbed},
  title     = {\(32\)-bit {T}-table implementation of {AES} for mbed{TLS}},
  year      = {2019},
  publisher = {Github},
  journal   = {Github repository},
  howpublished = {\href{https:// github.com/ARMmbed/mbedtls/blob/master/library/aes.c}{https://github.com/ARMmbed/mbedtls/blob/master/library/aes.c}},
  commit    = {f18de50b49784e82ebca2914b487b5a1ad576f7c}
}
@misc{SmallportableAES1282020,
  title = {Small Portable {{AES128}} in {{C}}},
  year = {2020},
  abstract = {Small portable AES128/192/256 in C. Contribute to kokke/tiny-AES-c development by creating an account on GitHub.},
  copyright = {Unlicense},
  howpublished = {\url{https://github.com/kokke/tiny-AES-c}}
}
@misc{STMicroelectronicsNUCLEOF303K8,
  title = {{{NUCLEO}}-{{F303K8}}},
  author = {STMicroelectronics},
  abstract = {NUCLEO-F303K8 - STM32 Nucleo-32 development board with STM32F303K8 MCU, supports Arduino nano connectivity, NUCLEO-F303K8, STMicroelectronics},
  file = {/home/damien/biblio/zotero/storage/9JM22YFV/nucleo-f303k8.html},
  howpublished = {\url{https://www.st.com/content/st_com/en/products/evaluation-tools/product-evaluation-tools/mcu-mpu-eval-tools/stm32-mcu-mpu-eval-tools/stm32-nucleo-boards/nucleo-f303k8.html}},
  journal = {STMicroelectronics},
  language = {en}
}
@misc{STMicroelectronicsNUCLEOF303RE,
  title = {{{NUCLEO}}-{{F303RE}}},
  author = {STMicroelectronics},
  abstract = {NUCLEO-F303RE - STM32 Nucleo-64 development board with STM32F303RE MCU, supports Arduino and ST morpho connectivity, NUCLEO-F303RE, STMicroelectronics},
  file = {/home/damien/biblio/zotero/storage/SH85RF5F/nucleo-f303re.html},
  howpublished = {\url{https://www.st.com/content/st_com/en/products/evaluation-tools/product-evaluation-tools/mcu-mpu-eval-tools/stm32-mcu-mpu-eval-tools/stm32-nucleo-boards/nucleo-f303re.html}},
  journal = {STMicroelectronics},
  language = {en}
}
@misc{heuser_physical_2020,
  author    = {Annelie Heuser and Christophe Genevey-Metat and Benoit Gerard},
  title     = {Physical side-channel analysis on STM32F\{\(0,1,2,3,4\)\}},
  year      = {2020},
  howpublished = {\url{https://silm.inria.fr/silm-seminar}}
}
@misc{tensorflow2015-whitepaper,
title={{TensorFlow}: Large-Scale Machine Learning on Heterogeneous Systems},
url={http://tensorflow.org/},
note={Software available from tensorflow.org},
author={
    Mart\'{\i}n~Abadi and
    Ashish~Agarwal and
    Paul~Barham and
    Eugene~Brevdo and
    Zhifeng~Chen and
    Craig~Citro and
    Greg~S.~Corrado and
    Andy~Davis and
    Jeffrey~Dean and
    Matthieu~Devin and
    Sanjay~Ghemawat and
    Ian~Goodfellow and
    Andrew~Harp and
    Geoffrey~Irving and
    Michael~Isard and
    Yangqing Jia and
    Rafal~Jozefowicz and
    Lukasz~Kaiser and
    Manjunath~Kudlur and
    Josh~Levenberg and
    Dan~Man\'{e} and
    Rajat~Monga and
    Sherry~Moore and
    Derek~Murray and
    Chris~Olah and
    Mike~Schuster and
    Jonathon~Shlens and
    Benoit~Steiner and
    Ilya~Sutskever and
    Kunal~Talwar and
    Paul~Tucker and
    Vincent~Vanhoucke and
    Vijay~Vasudevan and
    Fernanda~Vi\'{e}gas and
    Oriol~Vinyals and
    Pete~Warden and
    Martin~Wattenberg and
    Martin~Wicke and
    Yuan~Yu and
    Xiaoqiang~Zheng},
  year={2015},
}
@misc{chollet2015keras,
  title={Keras},
  author={Chollet, Fran\c{c}ois and others},
  year={2015},
  howpublished={\url{https://keras.io}},
}
@ARTICLE{theano,
   author = {{Theano Development Team}},
    title = "{Theano: A {Python} framework for fast computation of mathematical expressions}",
  journal = {arXiv e-prints},
   volume = {abs/1605.02688},
 primaryClass = "cs.SC",
 keywords = {Computer Science - Symbolic Computation, Computer Science - Learning, Computer Science - Mathematical Software},
     year = 2016,
    month = may,
      url = {http://arxiv.org/abs/1605.02688},
}
%%%%%%%%%%%%%%%%%%%%%%%%%%%%%%%%%%%%%%%%%%%%%%%%%%%%%%%%%%%%%%%%%%%%%%%%%%%%%%%%
                                THESES
%%%%%%%%%%%%%%%%%%%%%%%%%%%%%%%%%%%%%%%%%%%%%%%%%%%%%%%%%%%%%%%%%%%%%%%%%%%%%%%%
@phdthesis{cagli_these_2018,
  author    = {Eleonora Cagli},
  title     = {Feature Extraction for Side-Channel Attacks. (Extraction de caract{\'{e}}ristiques
               pour les attaques par canaux auxiliaires)},
  school    = {Sorbonne University, France},
  year      = {2018},
  url       = {https://tel.archives-ouvertes.fr/tel-02494260},
  timestamp = {Tue, 21 Jul 2020 00:40:33 +0200},
  biburl    = {https://dblp.org/rec/phd/hal/Cagli18.bib},
  bibsource = {dblp computer science bibliography, https://dblp.org}
}
%%%%%%%%%%%%%%%%%%%%%%%%%%%%%%%%%%%%%%%%%%%%%%%%%%%%%%%%%%%%%%%%%%%%%%%%%%%%%%%%
                                BOUQUINS
%%%%%%%%%%%%%%%%%%%%%%%%%%%%%%%%%%%%%%%%%%%%%%%%%%%%%%%%%%%%%%%%%%%%%%%%%%%%%%%%
@book{singh_code_book_1999,
 author = {Singh, Simon},
 title = {The  Code Book: The Evolution of Secrecy from Mary, Queen of Scots, to Quantum Cryptography},
 year = {1999},
 isbn = {0385495315},
 edition = {1st},
 publisher = {Doubleday},
 address = {New York, NY, USA},
}
@book{klenke2013probability,
  title={Probability Theory: A Comprehensive Course},
  author={Klenke, A.},
  isbn={9781447153603},
  lccn={2013945095},
  series={Universitext},
  url={https://books.google.fr/books?id=eTYMnQEACAAJ},
  year={2013},
  publisher={Springer London}
}
@book{cover_elements_2006,
  author    = {Thomas M. Cover and
               Joy A. Thomas},
  title     = {Elements of information theory {(2.} ed.)},
  publisher = {Wiley},
  year      = {2006},
  isbn      = {978-0-471-24195-9},
  timestamp = {Fri, 25 Mar 2011 09:04:29 +0100},
  biburl    = {https://dblp.org/rec/bib/books/daglib/0016881},
  bibsource = {dblp computer science bibliography, https://dblp.org}
}
@book{mallat_wavelet_2008,
  author    = {St{\'{e}}phane Mallat},
  title     = {A Wavelet Tour of Signal Processing - The Sparse Way, 3rd Edition},
  publisher = {Academic Press},
  year      = {2009},
  url       = {https://www.elsevier.com/books/a-wavelet-tour-of-signal-processing/mallat/978-0-12-374370-1},
  isbn      = {978-0-12-374370-1},
  timestamp = {Thu, 01 Nov 2018 18:01:29 +0100},
  biburl    = {https://dblp.org/rec/books/daglib/0042089.bib},
  bibsource = {dblp computer science bibliography, https://dblp.org}
}
@book{terras_2018, 
  place={Cambridge}, 
  series={Cambridge Mathematical Textbooks}, 
  title={Abstract Algebra with Applications}, 
  DOI={10.1017/9781316685013}, 
  publisher={Cambridge University Press}, 
  author={Terras, Audrey}, 
  year={2018}, 
  collection={Cambridge Mathematical Textbooks}
}
@book{shalev-shwartz_understanding_2014,
	location = {Cambridge},
	title = {Understanding Machine Learning: From Theory to Algorithms},
	isbn = {978-1-107-29801-9},
	url = {http://ebooks.cambridge.org/ref/id/CBO9781107298019},
	shorttitle = {Understanding Machine Learning},
	publisher = {Cambridge University Press},
	author = {Shalev-Shwartz, Shai and Ben-David, Shai},
	urldate = {2018-03-19},
	year = {2014},
	doi = {10.1017/CBO9781107298019},
	file = {Shalev-Shwartz et Ben-David - 2014 - Understanding Machine Learning From Theory to Alg.pdf:/home/lm251684/Zotero/storage/TH53BJFL/Shalev-Shwartz et Ben-David - 2014 - Understanding Machine Learning From Theory to Alg.pdf:application/pdf}
}
@book{vapnik_nature_2000,
  author    = {Vladimir Vapnik},
  title     = {The Nature of Statistical Learning Theory},
  series    = {Statistics for Engineering and Information Science},
  publisher = {Springer},
  year      = {2000},
  url       = {https://doi.org/10.1007/978-1-4757-3264-1},
  doi       = {10.1007/978-1-4757-3264-1},
  isbn      = {978-1-4419-3160-3},
  timestamp = {Mon, 22 Jul 2019 15:00:49 +0200},
  biburl    = {https://dblp.org/rec/books/sp/Vapnik00.bib},
  bibsource = {dblp computer science bibliography, https://dblp.org}
}
@book{goodfellow_deep_2017,
  author    = {Ian J. Goodfellow and
               Yoshua Bengio and
               Aaron C. Courville},
  title     = {Deep Learning},
  series    = {Adaptive computation and machine learning},
  publisher = {{MIT} Press},
  year      = {2016},
  url       = {http://www.deeplearningbook.org/},
  isbn      = {978-0-262-03561-3},
  timestamp = {Sat, 25 Mar 2017 20:16:59 +0100},
  biburl    = {https://dblp.org/rec/bib/books/daglib/0040158},
  bibsource = {dblp computer science bibliography, https://dblp.org}
}
@inbook{terras_random_1999, 
  place={Cambridge}, 
  series={London Mathematical Society Student Texts}, 
  title={Random Walks on Cayley Graphs}, 
  DOI={10.1017/CBO9780511626265.008}, 
  booktitle={Fourier Analysis on Finite Groups and Applications}, 
  publisher={Cambridge University Press}, 
  author={Terras, Audrey}, 
  year={1999}, 
  pages={97–113}, 
  collection={London Mathematical Society Student Texts},
  crossref={terras_1999}
}
@book{terras_1999, 
  place={Cambridge}, 
  series={London Mathematical Society Student Texts}, 
  title={Fourier Analysis on Finite Groups and Applications}, 
  DOI={10.1017/CBO9780511626265}, 
  publisher={Cambridge University Press}, 
  author={Terras, Audrey}, 
  year={1999}, 
  collection={London Mathematical Society Student Texts}
}
@book{boyd_convex_2004,
  author    = {Stephen P. Boyd and
               Lieven Vandenberghe},
  title     = {Convex Optimization},
  publisher = {Cambridge University Press},
  year      = {2014},
  url       = {https://web.stanford.edu/\%7Eboyd/cvxbook/},
  doi       = {10.1017/CBO9780511804441},
  isbn      = {978-0-521-83378-3},
  timestamp = {Mon, 29 Jul 2019 15:58:36 +0200},
  biburl    = {https://dblp.org/rec/books/cu/BV2014.bib},
  bibsource = {dblp computer science bibliography, https://dblp.org}
}
@book{mangard_power_2007,
  author    = {Stefan Mangard and
               Elisabeth Oswald and
               Thomas Popp},
  title     = {Power analysis attacks - revealing the secrets of smart cards},
  publisher = {Springer},
  year      = {2007},
  isbn      = {978-0-387-30857-9},
  timestamp = {Mon, 21 Feb 2011 15:21:51 +0100},
  biburl    = {https://dblp.org/rec/bib/books/daglib/0017272},
  bibsource = {dblp computer science bibliography, https://dblp.org}
}
@book{sutton_reinforcement_1998,
  author    = {Richard S. Sutton and
               Andrew G. Barto},
  title     = {Reinforcement learning - an introduction},
  series    = {Adaptive computation and machine learning},
  publisher = {{MIT} Press},
  year      = {1998},
  url       = {http://www.worldcat.org/oclc/37293240},
  isbn      = {978-0-262-19398-6},
  timestamp = {Mon, 22 Jul 2019 16:40:55 +0200},
  biburl    = {https://dblp.org/rec/books/lib/SuttonB98.bib},
  bibsource = {dblp computer science bibliography, https://dblp.org}
}
@book{bishop_pattern_2006,
  author    = {Christopher M. Bishop},
  title     = {Pattern recognition and machine learning, 5th Edition},
  series    = {Information science and statistics},
  publisher = {Springer},
  year      = {2007},
  url       = {http://www.worldcat.org/oclc/71008143},
  isbn      = {9780387310732},
  timestamp = {Wed, 26 Apr 2017 17:48:52 +0200},
  biburl    = {https://dblp.org/rec/books/lib/Bishop07.bib},
  bibsource = {dblp computer science bibliography, https://dblp.org}
}
@book{hastie_elements_1993,
  author    = {Trevor Hastie and
               Robert Tibshirani and
               Jerome H. Friedman},
  title     = {The Elements of Statistical Learning: Data Mining, Inference, and
               Prediction, 2nd Edition},
  series    = {Springer Series in Statistics},
  publisher = {Springer},
  year      = {2009},
  url       = {https://doi.org/10.1007/978-0-387-84858-7},
  doi       = {10.1007/978-0-387-84858-7},
  isbn      = {9780387848570},
  timestamp = {Mon, 29 Jul 2019 15:58:38 +0200},
  biburl    = {https://dblp.org/rec/books/lib/HastieTF09.bib},
  bibsource = {dblp computer science bibliography, https://dblp.org}
}
@book{cramer_mathematical_1999,
  location = {Princeton},
  title = {Mathematical methods of statistics},
  isbn = {978-0-691-08004-8 978-0-691-00547-8},
  publisher = {Princeton University Press},
  author = {Cramér, Harald},
  year = {1999},
  note = {{OCLC}: 185436716}
}
@book{mitchell_machine_1997,
  author    = {Tom M. Mitchell},
  title     = {Machine learning, International Edition},
  series    = {McGraw-Hill Series in Computer Science},
  publisher = {McGraw-Hill},
  year      = {1997},
  url       = {https://www.worldcat.org/oclc/61321007},
  isbn      = {978-0-07-042807-2},
  timestamp = {Wed, 29 Jul 2020 10:46:01 +0200},
  biburl    = {https://dblp.org/rec/books/daglib/0087929.bib},
  bibsource = {dblp computer science bibliography, https://dblp.org}
}
@book{vapnik_nature_1995,
  title={The Nature of Statistical Learning Theory},
  author={Vapnik, V.},
  isbn={9781475732641},
  lccn={95024205},
  series={Information Science and Statistics},
  url={https://books.google.fr/books?id=EqgACAAAQBAJ},
  year={1995},
  publisher={Springer New York}
}
%%%%%%%%%%%%%%%%%%%%%%%%%%%%%%%%%%%%%%%%%%%%%%%%%%%%%%%%%%%%%%%%%%%%%%%%%%%%%%%%
                              THESES
%%%%%%%%%%%%%%%%%%%%%%%%%%%%%%%%%%%%%%%%%%%%%%%%%%%%%%%%%%%%%%%%%%%%%%%%%%%%%%%%
@phdthesis{poussier_key_2018,
  author    = {Romain Poussier},
  title     = {Key enumeration, rank estimation and horizontal side-channel attacks},
  school    = {Catholic University of Louvain, Louvain-la-Neuve, Belgium},
  year      = {2018},
  url       = {http://hdl.handle.net/2078.1/195707},
  timestamp = {Fri, 23 Mar 2018 09:43:54 +0100},
  biburl    = {https://dblp.org/rec/phd/basesearch/Poussier18.bib},
  bibsource = {dblp computer science bibliography, https://dblp.org}
}
%%%%%%%%%%%%%%%%%%%%%%%%%%%%%%%%%%%%%%%%%%%%%%%%%%%%%%%%%%%%%%%%%%%%%%%%%%%%%%%%
                              INPROCEEDINGS
%%%%%%%%%%%%%%%%%%%%%%%%%%%%%%%%%%%%%%%%%%%%%%%%%%%%%%%%%%%%%%%%%%%%%%%%%%%%%%%%
@InProceedings{lee_gradient_2016,
  title = 	 {Gradient Descent Only Converges to Minimizers},
  author = 	 {Jason D. Lee and Max Simchowitz and Michael I. Jordan and Benjamin Recht},
  booktitle = 	 {29th Annual Conference on Learning Theory},
  pages = 	 {1246--1257},
  year = 	 {2016},
  editor = 	 {Vitaly Feldman and Alexander Rakhlin and Ohad Shamir},
  volume = 	 {49},
  series = 	 {Proceedings of Machine Learning Research},
  address = 	 {Columbia University, New York, New York, USA},
  month = 	 {23--26 Jun},
  publisher = 	 {PMLR},
  pdf = 	 {http://proceedings.mlr.press/v49/lee16.pdf},
  url = 	 {http://proceedings.mlr.press/v49/lee16.html},
  abstract = 	 {We show that gradient descent converges to a local minimizer, almost surely with random initial- ization. This is proved by applying the Stable Manifold Theorem from dynamical systems theory.}
}
@inproceedings{kingma_adam_2014,
  author    = {Diederik P. Kingma and
               Jimmy Ba},
  editor    = {Yoshua Bengio and
               Yann LeCun},
  title     = {Adam: {A} Method for Stochastic Optimization},
  booktitle = {3rd International Conference on Learning Representations, {ICLR} 2015,
               San Diego, CA, USA, May 7-9, 2015, Conference Track Proceedings},
  year      = {2015},
  url       = {http://arxiv.org/abs/1412.6980},
  timestamp = {Thu, 25 Jul 2019 14:25:37 +0200},
  biburl    = {https://dblp.org/rec/journals/corr/KingmaB14.bib},
  bibsource = {dblp computer science bibliography, https://dblp.org}
}
@inproceedings{prouff_masking_2013,
  author    = {Emmanuel Prouff and
               Matthieu Rivain},
  title     = {Masking against Side-Channel Attacks: {A} Formal Security Proof},
  booktitle = {Advances in Cryptology - {EUROCRYPT} 2013, 32nd Annual International
               Conference on the Theory and Applications of Cryptographic Techniques,
               Athens, Greece, May 26-30, 2013. Proceedings},
  pages     = {142--159},
  year      = {2013},
  crossref  = {DBLP:conf/eurocrypt/2013},
  url       = {https://doi.org/10.1007/978-3-642-38348-9\_9},
  doi       = {10.1007/978-3-642-38348-9\_9},
  timestamp = {Wed, 14 Nov 2018 10:54:57 +0100},
  biburl    = {https://dblp.org/rec/bib/conf/eurocrypt/ProuffR13},
  bibsource = {dblp computer science bibliography, https://dblp.org}
}
@inproceedings{isw_03,
  author    = {Yuval Ishai and
               Amit Sahai and
               David A. Wagner},
  editor    = {Dan Boneh},
  title     = {Private Circuits: Securing Hardware against Probing Attacks},
  booktitle = {Advances in Cryptology - {CRYPTO} 2003, 23rd Annual International
               Cryptology Conference, Santa Barbara, California, USA, August 17-21,
               2003, Proceedings},
  series    = {Lecture Notes in Computer Science},
  volume    = {2729},
  pages     = {463--481},
  publisher = {Springer},
  year      = {2003},
  url       = {https://doi.org/10.1007/978-3-540-45146-4\_27},
  doi       = {10.1007/978-3-540-45146-4\_27},
  timestamp = {Tue, 14 May 2019 10:00:48 +0200},
  biburl    = {https://dblp.org/rec/conf/crypto/IshaiSW03.bib},
  bibsource = {dblp computer science bibliography, https://dblp.org}
}
@inproceedings{rivain_provably_2010,
  author    = {Matthieu Rivain and
               Emmanuel Prouff},
  editor    = {Stefan Mangard and
               Fran{\c{c}}ois{-}Xavier Standaert},
  title     = {Provably Secure Higher-Order Masking of {AES}},
  booktitle = {Cryptographic Hardware and Embedded Systems, {CHES} 2010, 12th International
               Workshop, Santa Barbara, CA, USA, August 17-20, 2010. Proceedings},
  series    = {Lecture Notes in Computer Science},
  volume    = {6225},
  pages     = {413--427},
  publisher = {Springer},
  year      = {2010},
  url       = {https://doi.org/10.1007/978-3-642-15031-9\_28},
  doi       = {10.1007/978-3-642-15031-9\_28},
  timestamp = {Tue, 14 May 2019 10:00:47 +0200},
  biburl    = {https://dblp.org/rec/conf/ches/RivainP10.bib},
  bibsource = {dblp computer science bibliography, https://dblp.org}
}
@inproceedings{coron_higher_2013,
  author    = {Jean{-}S{\'{e}}bastien Coron and
               Emmanuel Prouff and
               Matthieu Rivain and
               Thomas Roche},
  editor    = {Shiho Moriai},
  title     = {Higher-Order Side Channel Security and Mask Refreshing},
  booktitle = {Fast Software Encryption - 20th International Workshop, {FSE} 2013,
               Singapore, March 11-13, 2013. Revised Selected Papers},
  series    = {Lecture Notes in Computer Science},
  volume    = {8424},
  pages     = {410--424},
  publisher = {Springer},
  year      = {2013},
  url       = {https://doi.org/10.1007/978-3-662-43933-3\_21},
  doi       = {10.1007/978-3-662-43933-3\_21},
  timestamp = {Tue, 14 May 2019 10:00:54 +0200},
  biburl    = {https://dblp.org/rec/conf/fse/CoronPRR13.bib},
  bibsource = {dblp computer science bibliography, https://dblp.org}
}
@inproceedings{prest_renyi_2019,
  author    = {Thomas Prest and
               Dahmun Goudarzi and
               Ange Martinelli and
               Alain Passel{\`{e}}gue},
  editor    = {Alexandra Boldyreva and
               Daniele Micciancio},
  title     = {Unifying Leakage Models on a R{\'{e}}nyi Day},
  booktitle = {Advances in Cryptology - {CRYPTO} 2019 - 39th Annual International
               Cryptology Conference, Santa Barbara, CA, USA, August 18-22, 2019,
               Proceedings, Part {I}},
  series    = {Lecture Notes in Computer Science},
  volume    = {11692},
  pages     = {683--712},
  publisher = {Springer},
  year      = {2019},
  url       = {https://doi.org/10.1007/978-3-030-26948-7\_24},
  doi       = {10.1007/978-3-030-26948-7\_24},
  timestamp = {Fri, 09 Aug 2019 14:20:48 +0200},
  biburl    = {https://dblp.org/rec/conf/crypto/PrestGMP19.bib},
  bibsource = {dblp computer science bibliography, https://dblp.org}
}
@inproceedings{chari_towards_1999,
  author    = {Suresh Chari and
               Charanjit S. Jutla and
               Josyula R. Rao and
               Pankaj Rohatgi},
  title     = {Towards Sound Approaches to Counteract Power-Analysis Attacks},
  booktitle = {Advances in Cryptology - {CRYPTO} '99, 19th Annual International Cryptology
               Conference, Santa Barbara, California, USA, August 15-19, 1999, Proceedings},
  pages     = {398--412},
  year      = {1999},
  crossref  = {DBLP:conf/crypto/1999},
  url       = {https://doi.org/10.1007/3-540-48405-1\_26},
  doi       = {10.1007/3-540-48405-1\_26},
  timestamp = {Wed, 14 Nov 2018 10:51:40 +0100},
  biburl    = {https://dblp.org/rec/bib/conf/crypto/ChariJRR99},
  bibsource = {dblp computer science bibliography, https://dblp.org}
}
@inproceedings{dziembowski_optimal_2016,
  author    = {Stefan Dziembowski and
               Sebastian Faust and
               Maciej Sk{\'{o}}rski},
  editor    = {Eyal Kushilevitz and
               Tal Malkin},
  title     = {Optimal Amplification of Noisy Leakages},
  booktitle = {Theory of Cryptography - 13th International Conference, {TCC} 2016-A,
               Tel Aviv, Israel, January 10-13, 2016, Proceedings, Part {II}},
  series    = {Lecture Notes in Computer Science},
  volume    = {9563},
  pages     = {291--318},
  publisher = {Springer},
  year      = {2016},
  url       = {https://doi.org/10.1007/978-3-662-49099-0\_11},
  doi       = {10.1007/978-3-662-49099-0\_11},
  timestamp = {Tue, 14 May 2019 10:00:47 +0200},
  biburl    = {https://dblp.org/rec/conf/tcc/DziembowskiFS16.bib},
  bibsource = {dblp computer science bibliography, https://dblp.org}
}
@inproceedings{goubin_duplication_1999,
  author    = {Louis Goubin and
               Jacques Patarin},
  editor    = {{\c{C}}etin Kaya Ko{\c{c}} and
               Christof Paar},
  title     = {{DES} and Differential Power Analysis (The "Duplication" Method)},
  booktitle = {Cryptographic Hardware and Embedded Systems, First International Workshop,
               CHES'99, Worcester, MA, USA, August 12-13, 1999, Proceedings},
  series    = {Lecture Notes in Computer Science},
  volume    = {1717},
  pages     = {158--172},
  publisher = {Springer},
  year      = {1999},
  url       = {https://doi.org/10.1007/3-540-48059-5\_15},
  doi       = {10.1007/3-540-48059-5\_15},
  timestamp = {Tue, 14 May 2019 10:00:47 +0200},
  biburl    = {https://dblp.org/rec/conf/ches/GoubinP99.bib},
  bibsource = {dblp computer science bibliography, https://dblp.org}
}
@inproceedings{golic_multiplicative_2002,
  author    = {Jovan Dj. Golic and
               Christophe Tymen},
  editor    = {Burton S. Kaliski Jr. and
               {\c{C}}etin Kaya Ko{\c{c}} and
               Christof Paar},
  title     = {Multiplicative Masking and Power Analysis of {AES}},
  booktitle = {Cryptographic Hardware and Embedded Systems - {CHES} 2002, 4th International
               Workshop, Redwood Shores, CA, USA, August 13-15, 2002, Revised Papers},
  series    = {Lecture Notes in Computer Science},
  volume    = {2523},
  pages     = {198--212},
  publisher = {Springer},
  year      = {2002},
  url       = {https://doi.org/10.1007/3-540-36400-5\_16},
  doi       = {10.1007/3-540-36400-5\_16},
  timestamp = {Tue, 14 May 2019 10:00:47 +0200},
  biburl    = {https://dblp.org/rec/conf/ches/GolicT02.bib},
  bibsource = {dblp computer science bibliography, https://dblp.org}
}
@inproceedings{fumaroli_affine_2010,
  author    = {Guillaume Fumaroli and
               Ange Martinelli and
               Emmanuel Prouff and
               Matthieu Rivain},
  editor    = {Alex Biryukov and
               Guang Gong and
               Douglas R. Stinson},
  title     = {Affine Masking against Higher-Order Side Channel Analysis},
  booktitle = {Selected Areas in Cryptography - 17th International Workshop, {SAC}
               2010, Waterloo, Ontario, Canada, August 12-13, 2010, Revised Selected
               Papers},
  series    = {Lecture Notes in Computer Science},
  volume    = {6544},
  pages     = {262--280},
  publisher = {Springer},
  year      = {2010},
  url       = {https://doi.org/10.1007/978-3-642-19574-7\_18},
  doi       = {10.1007/978-3-642-19574-7\_18},
  timestamp = {Tue, 14 May 2019 10:00:38 +0200},
  biburl    = {https://dblp.org/rec/conf/sacrypt/FumaroliMPR10.bib},
  bibsource = {dblp computer science bibliography, https://dblp.org}
}
@inproceedings{prouff_higher_2011,
  author    = {Emmanuel Prouff and
               Thomas Roche},
  editor    = {Bart Preneel and
               Tsuyoshi Takagi},
  title     = {Higher-Order Glitches Free Implementation of the {AES} Using Secure
               Multi-party Computation Protocols},
  booktitle = {Cryptographic Hardware and Embedded Systems - {CHES} 2011 - 13th International
               Workshop, Nara, Japan, September 28 - October 1, 2011. Proceedings},
  series    = {Lecture Notes in Computer Science},
  volume    = {6917},
  pages     = {63--78},
  publisher = {Springer},
  year      = {2011},
  url       = {https://doi.org/10.1007/978-3-642-23951-9\_5},
  doi       = {10.1007/978-3-642-23951-9\_5},
  timestamp = {Sat, 19 Oct 2019 20:26:25 +0200},
  biburl    = {https://dblp.org/rec/conf/ches/ProuffR11.bib},
  bibsource = {dblp computer science bibliography, https://dblp.org}
}
@inproceedings{goubin_shamir_2011,
  author    = {Louis Goubin and
               Ange Martinelli},
  editor    = {Bart Preneel and
               Tsuyoshi Takagi},
  title     = {Protecting {AES} with Shamir's Secret Sharing Scheme},
  booktitle = {Cryptographic Hardware and Embedded Systems - {CHES} 2011 - 13th International
               Workshop, Nara, Japan, September 28 - October 1, 2011. Proceedings},
  series    = {Lecture Notes in Computer Science},
  volume    = {6917},
  pages     = {79--94},
  publisher = {Springer},
  year      = {2011},
  url       = {https://doi.org/10.1007/978-3-642-23951-9\_6},
  doi       = {10.1007/978-3-642-23951-9\_6},
  timestamp = {Sat, 19 Oct 2019 20:26:25 +0200},
  biburl    = {https://dblp.org/rec/conf/ches/GoubinM11.bib},
  bibsource = {dblp computer science bibliography, https://dblp.org}
}
@inproceedings{dziembowski_leakage_2012,
  author    = {Stefan Dziembowski and
               Sebastian Faust},
  editor    = {Ronald Cramer},
  title     = {Leakage-Resilient Circuits without Computational Assumptions},
  booktitle = {Theory of Cryptography - 9th Theory of Cryptography Conference, {TCC}
               2012, Taormina, Sicily, Italy, March 19-21, 2012. Proceedings},
  series    = {Lecture Notes in Computer Science},
  volume    = {7194},
  pages     = {230--247},
  publisher = {Springer},
  year      = {2012},
  url       = {https://doi.org/10.1007/978-3-642-28914-9\_13},
  doi       = {10.1007/978-3-642-28914-9\_13},
  timestamp = {Tue, 14 May 2019 10:00:47 +0200},
  biburl    = {https://dblp.org/rec/conf/tcc/DziembowskiF12.bib},
  bibsource = {dblp computer science bibliography, https://dblp.org}
}
@inproceedings{messerges_arithmetic_2000,
  author    = {Thomas S. Messerges},
  editor    = {Bruce Schneier},
  title     = {Securing the {AES} Finalists Against Power Analysis Attacks},
  booktitle = {Fast Software Encryption, 7th International Workshop, {FSE} 2000,
               New York, NY, USA, April 10-12, 2000, Proceedings},
  series    = {Lecture Notes in Computer Science},
  volume    = {1978},
  pages     = {150--164},
  publisher = {Springer},
  year      = {2000},
  url       = {https://doi.org/10.1007/3-540-44706-7\_11},
  doi       = {10.1007/3-540-44706-7\_11},
  timestamp = {Tue, 14 May 2019 10:00:54 +0200},
  biburl    = {https://dblp.org/rec/conf/fse/Messerges00.bib},
  bibsource = {dblp computer science bibliography, https://dblp.org}
}
@article{bettale_improved_2018,
  author    = {Luk Bettale and
               Jean{-}S{\'{e}}bastien Coron and
               Rina Zeitoun},
  title     = {Improved High-Order Conversion From Boolean to Arithmetic Masking},
  journal   = {{IACR} Trans. Cryptogr. Hardw. Embed. Syst.},
  volume    = {2018},
  number    = {2},
  pages     = {22--45},
  year      = {2018},
  url       = {https://doi.org/10.13154/tches.v2018.i2.22-45},
  doi       = {10.13154/tches.v2018.i2.22-45},
  timestamp = {Thu, 06 Feb 2020 14:52:31 +0100},
  biburl    = {https://dblp.org/rec/journals/tches/BettaleCZ18.bib},
  bibsource = {dblp computer science bibliography, https://dblp.org}
}
@inproceedings{genelle_secure_2010,
  author    = {Laurie Genelle and
               Emmanuel Prouff and
               Micha{\"{e}}l Quisquater},
  editor    = {Jianying Zhou and
               Moti Yung},
  title     = {Secure Multiplicative Masking of Power Functions},
  booktitle = {Applied Cryptography and Network Security, 8th International Conference,
               {ACNS} 2010, Beijing, China, June 22-25, 2010. Proceedings},
  series    = {Lecture Notes in Computer Science},
  volume    = {6123},
  pages     = {200--217},
  year      = {2010},
  url       = {https://doi.org/10.1007/978-3-642-13708-2\_13},
  doi       = {10.1007/978-3-642-13708-2\_13},
  timestamp = {Tue, 20 Aug 2019 15:27:30 +0200},
  biburl    = {https://dblp.org/rec/conf/acns/GenellePQ10.bib},
  bibsource = {dblp computer science bibliography, https://dblp.org}
}
@inproceedings{amos_survey_2011,
  author    = {Amos Beimel},
  editor    = {Yeow Meng Chee and
               Zhenbo Guo and
               San Ling and
               Fengjing Shao and
               Yuansheng Tang and
               Huaxiong Wang and
               Chaoping Xing},
  title     = {Secret-Sharing Schemes: {A} Survey},
  booktitle = {Coding and Cryptology - Third International Workshop, {IWCC} 2011,
               Qingdao, China, May 30-June 3, 2011. Proceedings},
  series    = {Lecture Notes in Computer Science},
  volume    = {6639},
  pages     = {11--46},
  publisher = {Springer},
  year      = {2011},
  url       = {https://doi.org/10.1007/978-3-642-20901-7\_2},
  doi       = {10.1007/978-3-642-20901-7\_2},
  timestamp = {Tue, 14 May 2019 10:00:39 +0200},
  biburl    = {https://dblp.org/rec/conf/codcry/Beimel11.bib},
  bibsource = {dblp computer science bibliography, https://dblp.org}
}
@inproceedings{veyrat_adaptive_2010,
  author    = {Nicolas Veyrat{-}Charvillon and
               Fran{\c{c}}ois{-}Xavier Standaert},
  editor    = {Jianying Zhou and
               Moti Yung},
  title     = {Adaptive Chosen-Message Side-Channel Attacks},
  booktitle = {Applied Cryptography and Network Security, 8th International Conference,
               {ACNS} 2010, Beijing, China, June 22-25, 2010. Proceedings},
  series    = {Lecture Notes in Computer Science},
  volume    = {6123},
  pages     = {186--199},
  year      = {2010},
  url       = {https://doi.org/10.1007/978-3-642-13708-2\_12},
  doi       = {10.1007/978-3-642-13708-2\_12},
  timestamp = {Tue, 20 Aug 2019 15:27:30 +0200},
  biburl    = {https://dblp.org/rec/conf/acns/Veyrat-CharvillonS10.bib},
  bibsource = {dblp computer science bibliography, https://dblp.org}
}
@inproceedings{kopf_information_2007,
  author    = {Boris K{\"{o}}pf and
               David A. Basin},
  editor    = {Peng Ning and
               Sabrina De Capitani di Vimercati and
               Paul F. Syverson},
  title     = {An information-theoretic model for adaptive side-channel attacks},
  booktitle = {Proceedings of the 2007 {ACM} Conference on Computer and Communications
               Security, {CCS} 2007, Alexandria, Virginia, USA, October 28-31, 2007},
  pages     = {286--296},
  publisher = {{ACM}},
  year      = {2007},
  url       = {https://doi.org/10.1145/1315245.1315282},
  doi       = {10.1145/1315245.1315282},
  timestamp = {Tue, 06 Nov 2018 11:07:29 +0100},
  biburl    = {https://dblp.org/rec/conf/ccs/KopfB07.bib},
  bibsource = {dblp computer science bibliography, https://dblp.org}
}
@inproceedings{heuser_good_2014,
  author    = {Annelie Heuser and
               Olivier Rioul and
               Sylvain Guilley},
  title     = {Good Is Not Good Enough - Deriving Optimal Distinguishers from Communication
               Theory},
  booktitle = {Cryptographic Hardware and Embedded Systems - {CHES} 2014 - 16th International
               Workshop, Busan, South Korea, September 23-26, 2014. Proceedings},
  pages     = {55--74},
  year      = {2014},
  crossref  = {DBLP:conf/ches/2014},
  url       = {https://doi.org/10.1007/978-3-662-44709-3\_4},
  doi       = {10.1007/978-3-662-44709-3\_4},
  timestamp = {Sun, 23 Dec 2018 17:21:14 +0100},
  biburl    = {https://dblp.org/rec/bib/conf/ches/HeuserRG14},
  bibsource = {dblp computer science bibliography, https://dblp.org}
}
@inproceedings{chari_template_2002,
  author    = {Suresh Chari and
               Josyula R. Rao and
               Pankaj Rohatgi},
  title     = {Template Attacks},
  booktitle = {Cryptographic Hardware and Embedded Systems - {CHES} 2002, 4th International
               Workshop, Redwood Shores, CA, USA, August 13-15, 2002, Revised Papers},
  pages     = {13--28},
  year      = {2002},
  crossref  = {DBLP:conf/ches/2002},
  url       = {https://doi.org/10.1007/3-540-36400-5\_3},
  doi       = {10.1007/3-540-36400-5\_3},
  timestamp = {Mon, 29 May 2017 16:53:44 +0200},
  biburl    = {https://dblp.org/rec/bib/conf/ches/ChariRR02},
  bibsource = {dblp computer science bibliography, https://dblp.org}
}
@inproceedings{brier_correlation_2004,
  author    = {Eric Brier and
               Christophe Clavier and
               Francis Olivier},
  title     = {Correlation Power Analysis with a Leakage Model},
  booktitle = {Cryptographic Hardware and Embedded Systems - {CHES} 2004: 6th International
               Workshop Cambridge, MA, USA, August 11-13, 2004. Proceedings},
  pages     = {16--29},
  year      = {2004},
  crossref  = {DBLP:conf/ches/2004},
  url       = {https://doi.org/10.1007/978-3-540-28632-5\_2},
  doi       = {10.1007/978-3-540-28632-5\_2},
  timestamp = {Tue, 30 May 2017 12:57:44 +0200},
  biburl    = {https://dblp.org/rec/bib/conf/ches/BrierCO04},
  bibsource = {dblp computer science bibliography, https://dblp.org}
}
@inproceedings{schindler_stochastic_2005,
  author    = {Werner Schindler and
               Kerstin Lemke and
               Christof Paar},
  title     = {A Stochastic Model for Differential Side Channel Cryptanalysis},
  booktitle = {Cryptographic Hardware and Embedded Systems - {CHES} 2005, 7th International
               Workshop, Edinburgh, UK, August 29 - September 1, 2005, Proceedings},
  pages     = {30--46},
  year      = {2005},
  crossref  = {DBLP:conf/ches/2005},
  url       = {https://doi.org/10.1007/11545262\_3},
  doi       = {10.1007/11545262\_3},
  timestamp = {Tue, 14 May 2019 10:00:47 +0200},
  biburl    = {https://dblp.org/rec/bib/conf/ches/SchindlerLP05},
  bibsource = {dblp computer science bibliography, https://dblp.org}
}
@inproceedings{standaert_unified_2009,
  author    = {Fran{\c{c}}ois{-}Xavier Standaert and
               Tal Malkin and
               Moti Yung},
  title     = {A Unified Framework for the Analysis of Side-Channel Key Recovery
               Attacks},
  booktitle = {Advances in Cryptology - {EUROCRYPT} 2009, 28th Annual International
               Conference on the Theory and Applications of Cryptographic Techniques,
               Cologne, Germany, April 26-30, 2009. Proceedings},
  pages     = {443--461},
  year      = {2009},
  crossref  = {DBLP:conf/eurocrypt/2009},
  url       = {https://doi.org/10.1007/978-3-642-01001-9\_26},
  doi       = {10.1007/978-3-642-01001-9\_26},
  timestamp = {Sat, 24 Nov 2018 11:59:26 +0100},
  biburl    = {https://dblp.org/rec/bib/conf/eurocrypt/StandaertMY09},
  bibsource = {dblp computer science bibliography, https://dblp.org}
}
@inproceedings{choudary_efficient_2014,
  author    = {Omar Choudary and
               Markus G. Kuhn},
  title     = {Efficient Template Attacks},
  booktitle = {Smart Card Research and Advanced Applications - 12th International
               Conference, {CARDIS} 2013, Berlin, Germany, November 27-29, 2013.
               Revised Selected Papers},
  pages     = {253--270},
  year      = {2013},
  crossref  = {DBLP:conf/cardis/2013},
  url       = {https://doi.org/10.1007/978-3-319-08302-5\_17},
  doi       = {10.1007/978-3-319-08302-5\_17},
  timestamp = {Sun, 02 Jun 2019 21:23:27 +0200},
  biburl    = {https://dblp.org/rec/bib/conf/cardis/ChoudaryK13},
  bibsource = {dblp computer science bibliography, https://dblp.org}
}
@inproceedings{shor_poly_1994,
  author    = {Peter W. Shor},
  editor    = {Leonard M. Adleman and
               Ming{-}Deh A. Huang},
  title     = {Polynominal time algorithms for discrete logarithms and factoring
               on a quantum computer},
  booktitle = {Algorithmic Number Theory, First International Symposium, ANTS-I,
               Ithaca, NY, USA, May 6-9, 1994, Proceedings},
  series    = {Lecture Notes in Computer Science},
  volume    = {877},
  pages     = {289},
  publisher = {Springer},
  year      = {1994},
  url       = {https://doi.org/10.1007/3-540-58691-1\_68},
  doi       = {10.1007/3-540-58691-1\_68},
  timestamp = {Sat, 30 May 2020 20:07:05 +0200},
  biburl    = {https://dblp.org/rec/conf/ants/Shor94.bib},
  bibsource = {dblp computer science bibliography, https://dblp.org}
}
@inproceedings{kocher_timing_1996,
  author    = {Paul C. Kocher},
  editor    = {Neal Koblitz},
  title     = {Timing Attacks on Implementations of Diffie-Hellman, RSA, DSS, and
               Other Systems},
  booktitle = {Advances in Cryptology - {CRYPTO} '96, 16th Annual International Cryptology
               Conference, Santa Barbara, California, USA, August 18-22, 1996, Proceedings},
  series    = {Lecture Notes in Computer Science},
  volume    = {1109},
  pages     = {104--113},
  publisher = {Springer},
  year      = {1996},
  url       = {https://doi.org/10.1007/3-540-68697-5\_9},
  doi       = {10.1007/3-540-68697-5\_9},
  timestamp = {Tue, 14 May 2019 10:00:48 +0200},
  biburl    = {https://dblp.org/rec/conf/crypto/Kocher96.bib},
  bibsource = {dblp computer science bibliography, https://dblp.org}
}
@inproceedings{kocher_dpa_1999,
  author    = {Paul C. Kocher and
               Joshua Jaffe and
               Benjamin Jun},
  editor    = {Michael J. Wiener},
  title     = {Differential Power Analysis},
  booktitle = {Advances in Cryptology - {CRYPTO} '99, 19th Annual International Cryptology
               Conference, Santa Barbara, California, USA, August 15-19, 1999, Proceedings},
  series    = {Lecture Notes in Computer Science},
  volume    = {1666},
  pages     = {388--397},
  publisher = {Springer},
  year      = {1999},
  url       = {https://doi.org/10.1007/3-540-48405-1\_25},
  doi       = {10.1007/3-540-48405-1\_25},
  timestamp = {Tue, 14 May 2019 10:00:48 +0200},
  biburl    = {https://dblp.org/rec/conf/crypto/KocherJJ99.bib},
  bibsource = {dblp computer science bibliography, https://dblp.org}
}
@inproceedings{quisquater_ema_2001,
  author    = {Jean{-}Jacques Quisquater and
               David Samyde},
  editor    = {Isabelle Attali and
               Thomas P. Jensen},
  title     = {ElectroMagnetic Analysis {(EMA):} Measures and Counter-Measures for
               Smart Cards},
  booktitle = {Smart Card Programming and Security, International Conference on Research
               in Smart Cards, E-smart 2001, Cannes, France, September 19-21, 2001,
               Proceedings},
  series    = {Lecture Notes in Computer Science},
  volume    = {2140},
  pages     = {200--210},
  publisher = {Springer},
  year      = {2001},
  url       = {https://doi.org/10.1007/3-540-45418-7\_17},
  doi       = {10.1007/3-540-45418-7\_17},
  timestamp = {Sun, 02 Jun 2019 21:26:32 +0200},
  biburl    = {https://dblp.org/rec/conf/esmart/QuisquaterS01.bib},
  bibsource = {dblp computer science bibliography, https://dblp.org}
}
@inproceedings{gandolfi_electro_2001,
  author    = {Karine Gandolfi and
               Christophe Mourtel and
               Francis Olivier},
  editor    = {{\c{C}}etin Kaya Ko{\c{c}} and
               David Naccache and
               Christof Paar},
  title     = {Electromagnetic Analysis: Concrete Results},
  booktitle = {Cryptographic Hardware and Embedded Systems - {CHES} 2001, Third International
               Workshop, Paris, France, May 14-16, 2001, Proceedings},
  series    = {Lecture Notes in Computer Science},
  volume    = {2162},
  pages     = {251--261},
  publisher = {Springer},
  year      = {2001},
  url       = {https://doi.org/10.1007/3-540-44709-1\_21},
  doi       = {10.1007/3-540-44709-1\_21},
  timestamp = {Sun, 02 Jun 2019 21:23:01 +0200},
  biburl    = {https://dblp.org/rec/conf/ches/GandolfiMO01.bib},
  bibsource = {dblp computer science bibliography, https://dblp.org}
}
@inproceedings{genkin_rsa_2014,
  author    = {Daniel Genkin and
               Adi Shamir and
               Eran Tromer},
  editor    = {Juan A. Garay and
               Rosario Gennaro},
  title     = {{RSA} Key Extraction via Low-Bandwidth Acoustic Cryptanalysis},
  booktitle = {Advances in Cryptology - {CRYPTO} 2014 - 34th Annual Cryptology Conference,
               Santa Barbara, CA, USA, August 17-21, 2014, Proceedings, Part {I}},
  series    = {Lecture Notes in Computer Science},
  volume    = {8616},
  pages     = {444--461},
  publisher = {Springer},
  year      = {2014},
  url       = {https://doi.org/10.1007/978-3-662-44371-2\_25},
  doi       = {10.1007/978-3-662-44371-2\_25},
  timestamp = {Tue, 14 May 2019 10:00:48 +0200},
  biburl    = {https://dblp.org/rec/conf/crypto/GenkinST14.bib},
  bibsource = {dblp computer science bibliography, https://dblp.org}
}
@inproceedings{genkin_ecdh_2016,
  author    = {Daniel Genkin and
               Lev Pachmanov and
               Itamar Pipman and
               Eran Tromer},
  editor    = {Kazue Sako},
  title     = {{ECDH} Key-Extraction via Low-Bandwidth Electromagnetic Attacks on
               PCs},
  booktitle = {Topics in Cryptology - {CT-RSA} 2016 - The Cryptographers' Track at
               the {RSA} Conference 2016, San Francisco, CA, USA, February 29 - March
               4, 2016, Proceedings},
  series    = {Lecture Notes in Computer Science},
  volume    = {9610},
  pages     = {219--235},
  publisher = {Springer},
  year      = {2016},
  url       = {https://doi.org/10.1007/978-3-319-29485-8\_13},
  doi       = {10.1007/978-3-319-29485-8\_13},
  timestamp = {Sun, 02 Jun 2019 21:22:43 +0200},
  biburl    = {https://dblp.org/rec/conf/ctrsa/GenkinPPT16.bib},
  bibsource = {dblp computer science bibliography, https://dblp.org}
}
@inproceedings{genkin_stealing_2015,
  author    = {Daniel Genkin and
               Lev Pachmanov and
               Itamar Pipman and
               Eran Tromer},
  editor    = {Tim G{\"{u}}neysu and
               Helena Handschuh},
  title     = {Stealing Keys from PCs Using a Radio: Cheap Electromagnetic Attacks
               on Windowed Exponentiation},
  booktitle = {Cryptographic Hardware and Embedded Systems - {CHES} 2015 - 17th International
               Workshop, Saint-Malo, France, September 13-16, 2015, Proceedings},
  series    = {Lecture Notes in Computer Science},
  volume    = {9293},
  pages     = {207--228},
  publisher = {Springer},
  year      = {2015},
  url       = {https://doi.org/10.1007/978-3-662-48324-4\_11},
  doi       = {10.1007/978-3-662-48324-4\_11},
  timestamp = {Thu, 31 Oct 2019 17:50:50 +0100},
  biburl    = {https://dblp.org/rec/conf/ches/GenkinPPT15.bib},
  bibsource = {dblp computer science bibliography, https://dblp.org}
}
@inproceedings{agosta_code_2012,
  author    = {Giovanni Agosta and
               Alessandro Barenghi and
               Gerardo Pelosi},
  editor    = {Patrick Groeneveld and
               Donatella Sciuto and
               Soha Hassoun},
  title     = {A code morphing methodology to automate power analysis countermeasures},
  booktitle = {The 49th Annual Design Automation Conference 2012, {DAC} '12, San
               Francisco, CA, USA, June 3-7, 2012},
  pages     = {77--82},
  publisher = {{ACM}},
  year      = {2012},
  url       = {https://doi.org/10.1145/2228360.2228376},
  doi       = {10.1145/2228360.2228376},
  timestamp = {Wed, 14 Nov 2018 10:58:37 +0100},
  biburl    = {https://dblp.org/rec/conf/dac/AgostaBP12.bib},
  bibsource = {dblp computer science bibliography, https://dblp.org}
}
@inproceedings{courousse_runtime_2016,
  author    = {Damien Courouss{\'{e}} and
               Thierno Barry and
               Bruno Robisson and
               Philippe Jaillon and
               Olivier Potin and
               Jean{-}Louis Lanet},
  editor    = {Sara Foresti and
               Javier L{\'{o}}pez},
  title     = {Runtime Code Polymorphism as a Protection Against Side Channel Attacks},
  booktitle = {Information Security Theory and Practice - 10th {IFIP} {WG} 11.2 International
               Conference, {WISTP} 2016, Heraklion, Crete, Greece, September 26-27,
               2016, Proceedings},
  series    = {Lecture Notes in Computer Science},
  volume    = {9895},
  pages     = {136--152},
  publisher = {Springer},
  year      = {2016},
  url       = {https://doi.org/10.1007/978-3-319-45931-8\_9},
  doi       = {10.1007/978-3-319-45931-8\_9},
  timestamp = {Thu, 29 Aug 2019 08:10:02 +0200},
  biburl    = {https://dblp.org/rec/conf/wistp/CourousseBRJPL16.bib},
  bibsource = {dblp computer science bibliography, https://dblp.org}
}
@inproceedings{coron_random_2009,
  author    = {Jean{-}S{\'{e}}bastien Coron and
               Ilya Kizhvatov},
  title     = {An Efficient Method for Random Delay Generation in Embedded Software},
  booktitle = {Cryptographic Hardware and Embedded Systems - {CHES} 2009, 11th International
               Workshop, Lausanne, Switzerland, September 6-9, 2009, Proceedings},
  pages     = {156--170},
  year      = {2009},
  crossref  = {DBLP:conf/ches/2009},
  url       = {https://doi.org/10.1007/978-3-642-04138-9\_12},
  doi       = {10.1007/978-3-642-04138-9\_12},
  timestamp = {Tue, 14 May 2019 10:00:47 +0200},
  biburl    = {https://dblp.org/rec/bib/conf/ches/CoronK09},
  bibsource = {dblp computer science bibliography, https://dblp.org}
}
@inproceedings{coron_random_2010,
  author    = {Jean{-}S{\'{e}}bastien Coron and
               Ilya Kizhvatov},
  editor    = {Stefan Mangard and
               Fran{\c{c}}ois{-}Xavier Standaert},
  title     = {Analysis and Improvement of the Random Delay Countermeasure of {CHES}
               2009},
  booktitle = {Cryptographic Hardware and Embedded Systems, {CHES} 2010, 12th International
               Workshop, Santa Barbara, CA, USA, August 17-20, 2010. Proceedings},
  series    = {Lecture Notes in Computer Science},
  volume    = {6225},
  pages     = {95--109},
  publisher = {Springer},
  year      = {2010},
  url       = {https://doi.org/10.1007/978-3-642-15031-9\_7},
  doi       = {10.1007/978-3-642-15031-9\_7},
  timestamp = {Tue, 14 May 2019 10:00:47 +0200},
  biburl    = {https://dblp.org/rec/conf/ches/CoronK10.bib},
  bibsource = {dblp computer science bibliography, https://dblp.org}
}
@inproceedings{veyrat-charvillon_shuffling_2012,
  author    = {Nicolas Veyrat{-}Charvillon and
               Marcel Medwed and
               St{\'{e}}phanie Kerckhof and
               Fran{\c{c}}ois{-}Xavier Standaert},
  title     = {Shuffling against Side-Channel Attacks: {A} Comprehensive Study with
               Cautionary Note},
  booktitle = {Advances in Cryptology - {ASIACRYPT} 2012 - 18th International Conference
               on the Theory and Application of Cryptology and Information Security,
               Beijing, China, December 2-6, 2012. Proceedings},
  pages     = {740--757},
  year      = {2012},
  crossref  = {DBLP:conf/asiacrypt/2012},
  url       = {https://doi.org/10.1007/978-3-642-34961-4\_44},
  doi       = {10.1007/978-3-642-34961-4\_44},
  timestamp = {Wed, 14 Nov 2018 10:56:01 +0100},
  biburl    = {https://dblp.org/rec/bib/conf/asiacrypt/Veyrat-CharvillonMKS12},
  bibsource = {dblp computer science bibliography, https://dblp.org}
}
@inproceedings{rivain_higher-order_2009,
  author    = {Matthieu Rivain and
               Emmanuel Prouff and
               Julien Doget},
  title     = {Higher-Order Masking and Shuffling for Software Implementations of
               Block Ciphers},
  booktitle = {Cryptographic Hardware and Embedded Systems - {CHES} 2009, 11th International
               Workshop, Lausanne, Switzerland, September 6-9, 2009, Proceedings},
  pages     = {171--188},
  year      = {2009},
  crossref  = {DBLP:conf/ches/2009},
  url       = {https://doi.org/10.1007/978-3-642-04138-9\_13},
  doi       = {10.1007/978-3-642-04138-9\_13},
  timestamp = {Tue, 14 May 2019 10:00:47 +0200},
  biburl    = {https://dblp.org/rec/bib/conf/ches/RivainPD09},
  bibsource = {dblp computer science bibliography, https://dblp.org}
}
@inproceedings{herbst_aes_2006,
  author    = {Christoph Herbst and
               Elisabeth Oswald and
               Stefan Mangard},
  editor    = {Jianying Zhou and
               Moti Yung and
               Feng Bao},
  title     = {An {AES} Smart Card Implementation Resistant to Power Analysis Attacks},
  booktitle = {Applied Cryptography and Network Security, 4th International Conference,
               {ACNS} 2006, Singapore, June 6-9, 2006, Proceedings},
  series    = {Lecture Notes in Computer Science},
  volume    = {3989},
  pages     = {239--252},
  year      = {2006},
  url       = {https://doi.org/10.1007/11767480\_16},
  doi       = {10.1007/11767480\_16},
  timestamp = {Tue, 20 Aug 2019 15:27:30 +0200},
  biburl    = {https://dblp.org/rec/conf/acns/HerbstOM06.bib},
  bibsource = {dblp computer science bibliography, https://dblp.org}
}
@inproceedings{cagli_convolutional_2017,
  author    = {Eleonora Cagli and
               C{\'{e}}cile Dumas and
               Emmanuel Prouff},
  title     = {Convolutional Neural Networks with Data Augmentation Against Jitter-Based
               Countermeasures - Profiling Attacks Without Pre-processing},
  booktitle = {Cryptographic Hardware and Embedded Systems - {CHES} 2017 - 19th International
               Conference, Taipei, Taiwan, September 25-28, 2017, Proceedings},
  pages     = {45--68},
  year      = {2017},
  crossref  = {DBLP:conf/ches/2017},
  url       = {https://doi.org/10.1007/978-3-319-66787-4\_3},
  doi       = {10.1007/978-3-319-66787-4\_3},
  timestamp = {Sat, 24 Nov 2018 11:59:45 +0100},
  biburl    = {https://dblp.org/rec/bib/conf/ches/CagliDP17},
  bibsource = {dblp computer science bibliography, https://dblp.org}
}
@inproceedings{oflynn_chip_2014,
  author    = {Colin O'Flynn and
               Zhizhang (David) Chen},
  title     = {ChipWhisperer: An Open-Source Platform for Hardware Embedded Security
               Research},
  booktitle = {Constructive Side-Channel Analysis and Secure Design - 5th International
               Workshop, {COSADE} 2014, Paris, France, April 13-15, 2014. Revised
               Selected Papers},
  pages     = {243--260},
  year      = {2014},
  crossref  = {DBLP:conf/cosade/2014},
  url       = {https://doi.org/10.1007/978-3-319-10175-0\_17},
  doi       = {10.1007/978-3-319-10175-0\_17},
  timestamp = {Tue, 14 May 2019 10:00:39 +0200},
  biburl    = {https://dblp.org/rec/bib/conf/cosade/OFlynnC14},
  bibsource = {dblp computer science bibliography, https://dblp.org}
}
@inproceedings{akkar_implementation_2001,
  author    = {Mehdi{-}Laurent Akkar and
               Christophe Giraud},
  editor    = {{\c{C}}etin Kaya Ko{\c{c}} and
               David Naccache and
               Christof Paar},
  title     = {An Implementation of {DES} and AES, Secure against Some Attacks},
  booktitle = {Cryptographic Hardware and Embedded Systems - {CHES} 2001, Third International
               Workshop, Paris, France, May 14-16, 2001, Proceedings},
  series    = {Lecture Notes in Computer Science},
  volume    = {2162},
  pages     = {309--318},
  publisher = {Springer},
  year      = {2001},
  url       = {https://doi.org/10.1007/3-540-44709-1\_26},
  doi       = {10.1007/3-540-44709-1\_26},
  timestamp = {Thu, 18 Jun 2020 17:11:43 +0200},
  biburl    = {https://dblp.org/rec/conf/ches/AkkarG01.bib},
  bibsource = {dblp computer science bibliography, https://dblp.org}
}
@inproceedings{prouff_generic_2007,
  author    = {Emmanuel Prouff and
               Matthieu Rivain},
  editor    = {Sehun Kim and
               Moti Yung and
               Hyung{-}Woo Lee},
  title     = {A Generic Method for Secure SBox Implementation},
  booktitle = {Information Security Applications, 8th International Workshop, {WISA}
               2007, Jeju Island, Korea, August 27-29, 2007, Revised Selected Papers},
  series    = {Lecture Notes in Computer Science},
  volume    = {4867},
  pages     = {227--244},
  publisher = {Springer},
  year      = {2007},
  url       = {https://doi.org/10.1007/978-3-540-77535-5\_17},
  doi       = {10.1007/978-3-540-77535-5\_17},
  timestamp = {Tue, 14 May 2019 10:00:35 +0200},
  biburl    = {https://dblp.org/rec/conf/wisa/ProuffR07.bib},
  bibsource = {dblp computer science bibliography, https://dblp.org}
}
@inproceedings{AES_rijndael_2002,
  author    = {Joan Daemen and
               Vincent Rijmen},
  title     = {{AES} and the Wide Trail Design Strategy},
  booktitle = {Advances in Cryptology - {EUROCRYPT} 2002, Proceedings},
  pages     = {108--109},
  year      = {2002},
  doi       = {10.1007/3-540-46035-7\_7},
  timestamp = {Tue, 14 May 2019 10:00:53 +0200},
  biburl    = {https://dblp.org/rec/bib/conf/eurocrypt/DaemenR02},
  bibsource = {dblp computer science bibliography, https://dblp.org}
}
@inproceedings{mather_does_2013,
  author    = {Luke Mather and
               Elisabeth Oswald and
               Joe Bandenburg and
               Marcin W{\'{o}}jcik},
  title     = {Does My Device Leak Information? An a priori Statistical Power Analysis
               of Leakage Detection Tests},
  booktitle = {Advances in Cryptology - {ASIACRYPT} 2013 - Proceedings, Part {I}},
  pages     = {486--505},
  year      = {2013},
  doi       = {10.1007/978-3-642-42033-7\_25},
  timestamp = {Tue, 14 May 2019 10:00:40 +0200},
  biburl    = {https://dblp.org/rec/bib/conf/asiacrypt/MatherOBW13},
  bibsource = {dblp computer science bibliography, https://dblp.org}
}
@inproceedings{suzuki_security_2006,
  author    = {Daisuke Suzuki and
               Minoru Saeki},
  editor    = {Louis Goubin and
               Mitsuru Matsui},
  title     = {Security Evaluation of {DPA} Countermeasures Using Dual-Rail Pre-charge
               Logic Style},
  booktitle = {Cryptographic Hardware and Embedded Systems - {CHES} 2006, 8th International
               Workshop, Yokohama, Japan, October 10-13, 2006, Proceedings},
  series    = {Lecture Notes in Computer Science},
  volume    = {4249},
  pages     = {255--269},
  publisher = {Springer},
  year      = {2006},
  url       = {https://doi.org/10.1007/11894063\_21},
  doi       = {10.1007/11894063\_21},
  timestamp = {Tue, 14 May 2019 10:00:47 +0200},
  biburl    = {https://dblp.org/rec/conf/ches/SuzukiS06.bib},
  bibsource = {dblp computer science bibliography, https://dblp.org}
}
@inproceedings{le_proposition_2006,
  author    = {Thanh{-}Ha Le and
               Jessy Cl{\'{e}}di{\`{e}}re and
               C{\'{e}}cile Canovas and
               Bruno Robisson and
               Christine Servi{\`{e}}re and
               Jean{-}Louis Lacoume},
  editor    = {Louis Goubin and
               Mitsuru Matsui},
  title     = {A Proposition for Correlation Power Analysis Enhancement},
  booktitle = {Cryptographic Hardware and Embedded Systems - {CHES} 2006, 8th International
               Workshop, Yokohama, Japan, October 10-13, 2006, Proceedings},
  series    = {Lecture Notes in Computer Science},
  volume    = {4249},
  pages     = {174--186},
  publisher = {Springer},
  year      = {2006},
  url       = {https://doi.org/10.1007/11894063\_14},
  doi       = {10.1007/11894063\_14},
  timestamp = {Tue, 14 May 2019 10:00:47 +0200},
  biburl    = {https://dblp.org/rec/conf/ches/LeCCRSL06.bib},
  bibsource = {dblp computer science bibliography, https://dblp.org}
}
@inproceedings{cagli_enhancing_2016,
  author    = {Eleonora Cagli and
               C{\'{e}}cile Dumas and
               Emmanuel Prouff},
  editor    = {Naofumi Homma and
               Marcel Medwed},
  title     = {Enhancing Dimensionality Reduction Methods for Side-Channel Attacks},
  booktitle = {Smart Card Research and Advanced Applications - 14th International
               Conference, {CARDIS} 2015, Bochum, Germany, November 4-6, 2015. Revised
               Selected Papers},
  series    = {Lecture Notes in Computer Science},
  volume    = {9514},
  pages     = {15--33},
  publisher = {Springer},
  year      = {2015},
  url       = {https://doi.org/10.1007/978-3-319-31271-2\_2},
  doi       = {10.1007/978-3-319-31271-2\_2},
  timestamp = {Sat, 19 Oct 2019 20:27:05 +0200},
  biburl    = {https://dblp.org/rec/conf/cardis/CagliDP15.bib},
  bibsource = {dblp computer science bibliography, https://dblp.org}
}
@inproceedings{cagli_kernel_2017,
  author    = {Eleonora Cagli and
               C{\'{e}}cile Dumas and
               Emmanuel Prouff},
  editor    = {Kerstin Lemke{-}Rust and
               Michael Tunstall},
  title     = {Kernel Discriminant Analysis for Information Extraction in the Presence
               of Masking},
  booktitle = {Smart Card Research and Advanced Applications - 15th International
               Conference, {CARDIS} 2016, Cannes, France, November 7-9, 2016, Revised
               Selected Papers},
  series    = {Lecture Notes in Computer Science},
  volume    = {10146},
  pages     = {1--22},
  publisher = {Springer},
  year      = {2016},
  url       = {https://doi.org/10.1007/978-3-319-54669-8\_1},
  doi       = {10.1007/978-3-319-54669-8\_1},
  timestamp = {Fri, 27 Mar 2020 08:58:07 +0100},
  biburl    = {https://dblp.org/rec/conf/cardis/CagliDP16.bib},
  bibsource = {dblp computer science bibliography, https://dblp.org}
}
@inproceedings{standaert_using_2008,
  author    = {Fran{\c{c}}ois{-}Xavier Standaert and
               C{\'{e}}dric Archambeau},
  title     = {Using Subspace-Based Template Attacks to Compare and Combine Power
               and Electromagnetic Information Leakages},
  booktitle = {Cryptographic Hardware and Embedded Systems - {CHES} 2008, 10th International
               Workshop, Washington, D.C., USA, August 10-13, 2008. Proceedings},
  pages     = {411--425},
  year      = {2008},
  crossref  = {DBLP:conf/ches/2008},
  url       = {https://doi.org/10.1007/978-3-540-85053-3\_26},
  doi       = {10.1007/978-3-540-85053-3\_26},
  timestamp = {Tue, 14 May 2019 10:00:47 +0200},
  biburl    = {https://dblp.org/rec/bib/conf/ches/StandaertA08},
  bibsource = {dblp computer science bibliography, https://dblp.org}
}
@inproceedings{choudary_efficient_2015,
  author    = {Marios O. Choudary and
               Markus G. Kuhn},
  title     = {Efficient Stochastic Methods: Profiled Attacks Beyond 8 Bits},
  booktitle = {Smart Card Research and Advanced Applications - 13th International
               Conference, {CARDIS} 2014, Paris, France, November 5-7, 2014. Revised
               Selected Papers},
  pages     = {85--103},
  year      = {2014},
  crossref  = {DBLP:conf/cardis/2014},
  url       = {https://doi.org/10.1007/978-3-319-16763-3\_6},
  doi       = {10.1007/978-3-319-16763-3\_6},
  timestamp = {Sun, 02 Jun 2019 21:23:27 +0200},
  biburl    = {https://dblp.org/rec/bib/conf/cardis/ChoudaryK14},
  bibsource = {dblp computer science bibliography, https://dblp.org}
}
@inproceedings{balash_consolidating_2017,
  author    = {Josep Balasch and
               Sebastian Faust and
               Benedikt Gierlichs and
               Clara Paglialonga and
               Fran{\c{c}}ois{-}Xavier Standaert},
  editor    = {Tsuyoshi Takagi and
               Thomas Peyrin},
  title     = {Consolidating Inner Product Masking},
  booktitle = {Advances in Cryptology - {ASIACRYPT} 2017 - 23rd International Conference
               on the Theory and Applications of Cryptology and Information Security,
               Hong Kong, China, December 3-7, 2017, Proceedings, Part {I}},
  series    = {Lecture Notes in Computer Science},
  volume    = {10624},
  pages     = {724--754},
  publisher = {Springer},
  year      = {2017},
  url       = {https://doi.org/10.1007/978-3-319-70694-8\_25},
  doi       = {10.1007/978-3-319-70694-8\_25},
  timestamp = {Tue, 14 May 2019 10:00:40 +0200},
  biburl    = {https://dblp.org/rec/conf/asiacrypt/BalaschFGPS17.bib},
  bibsource = {dblp computer science bibliography, https://dblp.org}
}
@inproceedings{maghrebi_breaking_2016,
  author    = {Houssem Maghrebi and
               Thibault Portigliatti and
               Emmanuel Prouff},
  title     = {Breaking Cryptographic Implementations Using Deep Learning Techniques},
  booktitle = {Security, Privacy, and Applied Cryptography Engineering - 6th International
               Conference, {SPACE} 2016, Hyderabad, India, December 14-18, 2016,
               Proceedings},
  pages     = {3--26},
  year      = {2016},
  crossref  = {DBLP:conf/space/2016},
  url       = {https://doi.org/10.1007/978-3-319-49445-6\_1},
  doi       = {10.1007/978-3-319-49445-6\_1},
  timestamp = {Wed, 17 May 2017 14:25:06 +0200},
  biburl    = {https://dblp.org/rec/bib/conf/space/MaghrebiPP16},
  bibsource = {dblp computer science bibliography, https://dblp.org}
}
@inproceedings{rifai_contractive_2011,
  author    = {Salah Rifai and
               Pascal Vincent and
               Xavier Muller and
               Xavier Glorot and
               Yoshua Bengio},
  editor    = {Lise Getoor and
               Tobias Scheffer},
  title     = {Contractive Auto-Encoders: Explicit Invariance During Feature Extraction},
  booktitle = {Proceedings of the 28th International Conference on Machine Learning,
               {ICML} 2011, Bellevue, Washington, USA, June 28 - July 2, 2011},
  pages     = {833--840},
  publisher = {Omnipress},
  year      = {2011},
  url       = {https://icml.cc/2011/papers/455\_icmlpaper.pdf},
  timestamp = {Wed, 03 Apr 2019 17:43:34 +0200},
  biburl    = {https://dblp.org/rec/conf/icml/RifaiVMGB11.bib},
  bibsource = {dblp computer science bibliography, https://dblp.org}
}
@inproceedings{vincent_extracting_2008,
  author    = {Pascal Vincent and
               Hugo Larochelle and
               Yoshua Bengio and
               Pierre{-}Antoine Manzagol},
  editor    = {William W. Cohen and
               Andrew McCallum and
               Sam T. Roweis},
  title     = {Extracting and composing robust features with denoising autoencoders},
  booktitle = {Machine Learning, Proceedings of the Twenty-Fifth International Conference
               {(ICML} 2008), Helsinki, Finland, June 5-9, 2008},
  series    = {{ACM} International Conference Proceeding Series},
  volume    = {307},
  pages     = {1096--1103},
  publisher = {{ACM}},
  year      = {2008},
  url       = {https://doi.org/10.1145/1390156.1390294},
  doi       = {10.1145/1390156.1390294},
  timestamp = {Wed, 14 Nov 2018 10:58:56 +0100},
  biburl    = {https://dblp.org/rec/conf/icml/VincentLBM08.bib},
  bibsource = {dblp computer science bibliography, https://dblp.org}
}
@inproceedings{yang_convolutional_2018,
  author    = {Guang Yang and
               Huizhong Li and
               Jingdian Ming and
               Yongbin Zhou},
  editor    = {Beg{\"{u}}l Bilgin and
               Jean{-}Bernard Fischer},
  title     = {Convolutional Neural Network Based Side-Channel Attacks in Time-Frequency
               Representations},
  booktitle = {Smart Card Research and Advanced Applications, 17th International
               Conference, {CARDIS} 2018, Montpellier, France, November 12-14, 2018,
               Revised Selected Papers},
  series    = {Lecture Notes in Computer Science},
  volume    = {11389},
  pages     = {1--17},
  publisher = {Springer},
  year      = {2018},
  url       = {https://doi.org/10.1007/978-3-030-15462-2\_1},
  doi       = {10.1007/978-3-030-15462-2\_1},
  timestamp = {Tue, 18 Jun 2019 17:00:20 +0200},
  biburl    = {https://dblp.org/rec/conf/cardis/YangLMZ18.bib},
  bibsource = {dblp computer science bibliography, https://dblp.org}
}
@inproceedings{masure_gradient_2019,
  author    = {Lo{\"{\i}}c Masure and
               C{\'{e}}cile Dumas and
               Emmanuel Prouff},
  title     = {Gradient Visualization for General Characterization in Profiling Attacks},
  booktitle = {Constructive Side-Channel Analysis and Secure Design - 10th International
               Workshop, {COSADE} 2019, Darmstadt, Germany, April 3-5, 2019, Proceedings},
  pages     = {145--167},
  year      = {2019},
  crossref  = {DBLP:conf/cosade/2019},
  url       = {https://doi.org/10.1007/978-3-030-16350-1\_9},
  doi       = {10.1007/978-3-030-16350-1\_9},
  timestamp = {Thu, 21 Mar 2019 14:50:37 +0100},
  biburl    = {https://dblp.org/rec/bib/conf/cosade/MasureDP19},
  bibsource = {dblp computer science bibliography, https://dblp.org}
}
@inproceedings{hettwer_deep_2019,
  author    = {Benjamin Hettwer and
               Stefan Gehrer and
               Tim G{\"{u}}neysu},
  editor    = {Kenneth G. Paterson and
               Douglas Stebila},
  title     = {Deep Neural Network Attribution Methods for Leakage Analysis and Symmetric
               Key Recovery},
  booktitle = {Selected Areas in Cryptography - {SAC} 2019 - 26th International Conference,
               Waterloo, ON, Canada, August 12-16, 2019, Revised Selected Papers},
  series    = {Lecture Notes in Computer Science},
  volume    = {11959},
  pages     = {645--666},
  publisher = {Springer},
  year      = {2019},
  url       = {https://doi.org/10.1007/978-3-030-38471-5\_26},
  doi       = {10.1007/978-3-030-38471-5\_26},
  timestamp = {Tue, 14 Jan 2020 14:25:19 +0100},
  biburl    = {https://dblp.org/rec/conf/sacrypt/HettwerGG19.bib},
  bibsource = {dblp computer science bibliography, https://dblp.org}
}
@incollection{goodfellow_generative_2014,
  title = {Generative Adversarial Nets},
  author = {Goodfellow, Ian and Pouget-Abadie, Jean and Mirza, Mehdi and Xu, Bing and Warde-Farley, David and Ozair, Sherjil and Courville, Aaron and Bengio, Yoshua},
  booktitle = {Advances in Neural Information Processing Systems 27},
  editor = {Z. Ghahramani and M. Welling and C. Cortes and N. D. Lawrence and K. Q. Weinberger},
  pages = {2672--2680},
  year = {2014},
  publisher = {Curran Associates, Inc.},
  url = {http://papers.nips.cc/paper/5423-generative-adversarial-nets.pdf}
}
@inproceedings{pytorch_2019,
  author    = {Adam Paszke and
               Sam Gross and
               Francisco Massa and
               Adam Lerer and
               James Bradbury and
               Gregory Chanan and
               Trevor Killeen and
               Zeming Lin and
               Natalia Gimelshein and
               Luca Antiga and
               Alban Desmaison and
               Andreas K{\"{o}}pf and
               Edward Yang and
               Zachary DeVito and
               Martin Raison and
               Alykhan Tejani and
               Sasank Chilamkurthy and
               Benoit Steiner and
               Lu Fang and
               Junjie Bai and
               Soumith Chintala},
  title     = {PyTorch: An Imperative Style, High-Performance Deep Learning Library},
  booktitle = {Advances in Neural Information Processing Systems 32: Annual Conference
               on Neural Information Processing Systems 2019, NeurIPS 2019, 8-14
               December 2019, Vancouver, BC, Canada},
  pages     = {8024--8035},
  year      = {2019},
  crossref  = {DBLP:conf/nips/2019},
  url       = {http://papers.nips.cc/paper/9015-pytorch-an-imperative-style-high-performance-deep-learning-library},
  timestamp = {Mon, 13 Jan 2020 09:28:31 +0100},
  biburl    = {https://dblp.org/rec/conf/nips/PaszkeGMLBCKLGA19.bib},
  bibsource = {dblp computer science bibliography, https://dblp.org}
}
@inproceedings{choromanska_loss_2015,
  author    = {Anna Choromanska and
               Mikael Henaff and
               Micha{\"{e}}l Mathieu and
               G{\'{e}}rard Ben Arous and
               Yann LeCun},
  title     = {The Loss Surfaces of Multilayer Networks},
  booktitle = {Proceedings of the Eighteenth International Conference on Artificial
               Intelligence and Statistics, {AISTATS} 2015, San Diego, California,
               USA, May 9-12, 2015},
  year      = {2015},
  crossref  = {DBLP:conf/aistats/2015},
  url       = {http://jmlr.org/proceedings/papers/v38/choromanska15.html},
  timestamp = {Wed, 03 Apr 2019 18:01:59 +0200},
  biburl    = {https://dblp.org/rec/bib/conf/aistats/ChoromanskaHMAL15},
  bibsource = {dblp computer science bibliography, https://dblp.org}
}
@incollection{lecun_efficient_2012,
  author    = {Yann LeCun and
               L{\'{e}}on Bottou and
               Genevieve B. Orr and
               Klaus{-}Robert M{\"{u}}ller},
  editor    = {Gr{\'{e}}goire Montavon and
               Genevieve B. Orr and
               Klaus{-}Robert M{\"{u}}ller},
  title     = {Efficient BackProp},
  booktitle = {Neural Networks: Tricks of the Trade - Second Edition},
  series    = {Lecture Notes in Computer Science},
  volume    = {7700},
  pages     = {9--48},
  publisher = {Springer},
  year      = {2012},
  url       = {https://doi.org/10.1007/978-3-642-35289-8\_3},
  doi       = {10.1007/978-3-642-35289-8\_3},
  timestamp = {Wed, 25 Sep 2019 17:41:07 +0200},
  biburl    = {https://dblp.org/rec/series/lncs/LeCunBOM12.bib},
  bibsource = {dblp computer science bibliography, https://dblp.org}
}
@inproceedings{du_gradient_2019,
  author    = {Simon S. Du and
               Jason D. Lee and
               Haochuan Li and
               Liwei Wang and
               Xiyu Zhai},
  editor    = {Kamalika Chaudhuri and
               Ruslan Salakhutdinov},
  title     = {Gradient Descent Finds Global Minima of Deep Neural Networks},
  booktitle = {Proceedings of the 36th International Conference on Machine Learning,
               {ICML} 2019, 9-15 June 2019, Long Beach, California, {USA}},
  series    = {Proceedings of Machine Learning Research},
  volume    = {97},
  pages     = {1675--1685},
  publisher = {{PMLR}},
  year      = {2019},
  url       = {http://proceedings.mlr.press/v97/du19c.html},
  timestamp = {Tue, 11 Jun 2019 15:37:38 +0200},
  biburl    = {https://dblp.org/rec/conf/icml/DuLL0Z19.bib},
  bibsource = {dblp computer science bibliography, https://dblp.org}
}
@inproceedings{du_gradient2_2019,
  author    = {Simon S. Du and
               Xiyu Zhai and
               Barnab{\'{a}}s P{\'{o}}czos and
               Aarti Singh},
  title     = {Gradient Descent Provably Optimizes Over-parameterized Neural Networks},
  booktitle = {7th International Conference on Learning Representations, {ICLR} 2019,
               New Orleans, LA, USA, May 6-9, 2019},
  publisher = {OpenReview.net},
  year      = {2019},
  url       = {https://openreview.net/forum?id=S1eK3i09YQ},
  timestamp = {Thu, 25 Jul 2019 14:26:03 +0200},
  biburl    = {https://dblp.org/rec/conf/iclr/DuZPS19.bib},
  bibsource = {dblp computer science bibliography, https://dblp.org}
}
@inproceedings{bertrand_fool_2020,
  author    = {Charles-Henry Bertrand and
               Olivier Bronchain and
               Gaëtan Cassiers and
               François-Xavier Standaert},
  title     = {How to fool a Black Box Machine Learning Based Side-Channel Security Evaluation},
  year      = {2020},
  month     = {May},
  booktitle = {{Y}et {A}nother {C}onference on {CRYPT}ography and {E}mbedded {D}evices, {YACCRYPTED} 2020},
}
@inproceedings{genevey_combining_2019,
  author    = {Genevey-Metat, Christophe and
               Gerard, Benoît and
               Heuser, Annelie},
  title     = {Combining sources of side-channel information},
  year      = {2019},
  month     = {November},
  booktitle = {{CAESAR} 2019}
}
@inproceedings{weissbart_one_2019,
  author    = {Leo Weissbart and
               Stjepan Picek and
               Lejla Batina},
  editor    = {Shivam Bhasin and
               Avi Mendelson and
               Mridul Nandi},
  title     = {One Trace Is All It Takes: Machine Learning-Based Side-Channel Attack
               on {EdDSA}},
  booktitle = {Security, Privacy, and Applied Cryptography Engineering - 9th International
               Conference, {SPACE} 2019, Gandhinagar, India, December 3-7, 2019,
               Proceedings},
  series    = {Lecture Notes in Computer Science},
  volume    = {11947},
  pages     = {86--105},
  publisher = {Springer},
  year      = {2019},
  url       = {https://doi.org/10.1007/978-3-030-35869-3\_8},
  doi       = {10.1007/978-3-030-35869-3\_8},
  timestamp = {Fri, 22 Nov 2019 13:36:06 +0100},
  biburl    = {https://dblp.org/rec/conf/space/WeissbartPB19.bib},
  bibsource = {dblp computer science bibliography, https://dblp.org}
}
@incollection{hinton_backprop_1986,
  added-at = {2008-02-26T11:58:58.000+0100},
  address = {Cambridge, MA},
  author = {Rumelhart, David E. and Hinton, Geoffrey E. and Williams, Ronald J.},
  biburl = {https://www.bibsonomy.org/bibtex/27c3d39c519530239660d33e66493ade1/schaul},
  booktitle = {Parallel Distributed Processing: Explorations in the Microstructure of Cognition, {V}olume 1: {F}oundations},
  citeulike-article-id = {2378884},
  description = {idsia},
  editor = {Rumelhart, David E. and Mcclelland, James L.},
  interhash = {dd8485b30b80c7f35263bcb21ed81c1f},
  intrahash = {7c3d39c519530239660d33e66493ade1},
  keywords = {nn},
  pages = {318--362},
  priority = {2},
  publisher = {MIT Press},
  timestamp = {2008-02-26T12:02:43.000+0100},
  title = {Learning Internal Representations by Error Propagation},
  year = 1986
}
@inproceedings{ioffe_batch_2015,
  author    = {Sergey Ioffe and
               Christian Szegedy},
  editor    = {Francis R. Bach and
               David M. Blei},
  title     = {Batch Normalization: Accelerating Deep Network Training by Reducing
               Internal Covariate Shift},
  booktitle = {Proceedings of the 32nd International Conference on Machine Learning,
               {ICML} 2015, Lille, France, 6-11 July 2015},
  series    = {{JMLR} Workshop and Conference Proceedings},
  volume    = {37},
  pages     = {448--456},
  publisher = {JMLR.org},
  year      = {2015},
  url       = {http://proceedings.mlr.press/v37/ioffe15.html},
  timestamp = {Wed, 29 May 2019 08:41:45 +0200},
  biburl    = {https://dblp.org/rec/conf/icml/IoffeS15.bib},
  bibsource = {dblp computer science bibliography, https://dblp.org}
}
@inproceedings{santurkar_how_2018,
  author    = {Shibani Santurkar and
               Dimitris Tsipras and
               Andrew Ilyas and
               Aleksander Madry},
  editor    = {Samy Bengio and
               Hanna M. Wallach and
               Hugo Larochelle and
               Kristen Grauman and
               Nicol{\`{o}} Cesa{-}Bianchi and
               Roman Garnett},
  title     = {How Does Batch Normalization Help Optimization?},
  booktitle = {Advances in Neural Information Processing Systems 31: Annual Conference
               on Neural Information Processing Systems 2018, NeurIPS 2018, 3-8 December
               2018, Montr{\'{e}}al, Canada},
  pages     = {2488--2498},
  year      = {2018},
  url       = {http://papers.nips.cc/paper/7515-how-does-batch-normalization-help-optimization},
  timestamp = {Fri, 06 Mar 2020 17:00:31 +0100},
  biburl    = {https://dblp.org/rec/conf/nips/SanturkarTIM18.bib},
  bibsource = {dblp computer science bibliography, https://dblp.org}
}
@InProceedings{telegarsky_benefit_2016,
  title = 	 {Benefits of depth in neural networks},
  author = 	 {Matus Telgarsky},
  booktitle = 	 {29th Annual Conference on Learning Theory},
  pages = 	 {1517--1539},
  year = 	 {2016},
  editor = 	 {Vitaly Feldman and Alexander Rakhlin and Ohad Shamir},
  volume = 	 {49},
  series = 	 {Proceedings of Machine Learning Research},
  address = 	 {Columbia University, New York, New York, USA},
  month = 	 {23--26 Jun},
  publisher = 	 {PMLR},
  pdf = 	 {http://proceedings.mlr.press/v49/telgarsky16.pdf},
  url = 	 {http://proceedings.mlr.press/v49/telgarsky16.html}
}
@inproceedings{lecun_word_1994,
  author    = {Yann LeCun and
               Yoshua Bengio},
  title     = {Word-level training of a handwritten word recognizer based on convolutional
               neural networks},
  booktitle = {12th {IAPR} International Conference on Pattern Recognition, Conference
               {B:} Patern Recognition and Neural Networks, {ICPR} 1994, Jerusalem,
               Israel, 9-13 October, 1994, Volume 2},
  pages     = {88--92},
  publisher = {{IEEE}},
  year      = {1994},
  url       = {https://doi.org/10.1109/ICPR.1994.576881},
  doi       = {10.1109/ICPR.1994.576881},
  timestamp = {Wed, 16 Oct 2019 14:14:52 +0200},
  biburl    = {https://dblp.org/rec/conf/icpr/LeCunB94.bib},
  bibsource = {dblp computer science bibliography, https://dblp.org}
}
@inproceedings{bengio_globally_1993,
  author    = {Yoshua Bengio and
               Yann LeCun and
               Donnie Henderson},
  editor    = {Jack D. Cowan and
               Gerald Tesauro and
               Joshua Alspector},
  title     = {Globally Trained Handwritten Word Recognizer Using Spatial Representation,
               Convolutional Neural Networks, and Hidden Markov Models},
  booktitle = {Advances in Neural Information Processing Systems 6, [7th {NIPS} Conference,
               Denver, Colorado, USA, 1993]},
  pages     = {937--944},
  publisher = {Morgan Kaufmann},
  year      = {1993},
  url       = {http://papers.nips.cc/paper/819-globally-trained-handwritten-word-recognizer-using-spatial-representation-convolutional-neural-networks-and-hidden-markov-models},
  timestamp = {Fri, 06 Mar 2020 17:00:11 +0100},
  biburl    = {https://dblp.org/rec/conf/nips/BengioCH93.bib},
  bibsource = {dblp computer science bibliography, https://dblp.org}
}
@inproceedings{simonyan_vgg_2015,
  author    = {Karen Simonyan and
               Andrew Zisserman},
  editor    = {Yoshua Bengio and
               Yann LeCun},
  title     = {Very Deep Convolutional Networks for Large-Scale Image Recognition},
  booktitle = {3rd International Conference on Learning Representations, {ICLR} 2015,
               San Diego, CA, USA, May 7-9, 2015, Conference Track Proceedings},
  year      = {2015},
  url       = {http://arxiv.org/abs/1409.1556},
  timestamp = {Wed, 17 Jul 2019 10:40:54 +0200},
  biburl    = {https://dblp.org/rec/journals/corr/SimonyanZ14a.bib},
  bibsource = {dblp computer science bibliography, https://dblp.org}
}
@inproceedings{picek_performance_2018,
  author    = {Stjepan Picek and
               Ioannis Petros Samiotis and
               Jaehun Kim and
               Annelie Heuser and
               Shivam Bhasin and
               Axel Legay},
  editor    = {Anupam Chattopadhyay and
               Chester Rebeiro and
               Yuval Yarom},
  title     = {On the Performance of Convolutional Neural Networks for Side-Channel
               Analysis},
  booktitle = {Security, Privacy, and Applied Cryptography Engineering - 8th International
               Conference, {SPACE} 2018, Kanpur, India, December 15-19, 2018, Proceedings},
  series    = {Lecture Notes in Computer Science},
  volume    = {11348},
  pages     = {157--176},
  publisher = {Springer},
  year      = {2018},
  url       = {https://doi.org/10.1007/978-3-030-05072-6\_10},
  doi       = {10.1007/978-3-030-05072-6\_10},
  timestamp = {Tue, 14 May 2019 10:00:40 +0200},
  biburl    = {https://dblp.org/rec/conf/space/PicekSKHBL18.bib},
  bibsource = {dblp computer science bibliography, https://dblp.org}
}
@inproceedings{szegedy_deeper_2015,
  author    = {Christian Szegedy and
               Wei Liu and
               Yangqing Jia and
               Pierre Sermanet and
               Scott E. Reed and
               Dragomir Anguelov and
               Dumitru Erhan and
               Vincent Vanhoucke and
               Andrew Rabinovich},
  title     = {Going deeper with convolutions},
  booktitle = {{IEEE} Conference on Computer Vision and Pattern Recognition, {CVPR}
               2015, Boston, MA, USA, June 7-12, 2015},
  pages     = {1--9},
  publisher = {{IEEE} Computer Society},
  year      = {2015},
  url       = {https://doi.org/10.1109/CVPR.2015.7298594},
  doi       = {10.1109/CVPR.2015.7298594},
  timestamp = {Wed, 16 Oct 2019 14:14:50 +0200},
  biburl    = {https://dblp.org/rec/conf/cvpr/SzegedyLJSRAEVR15.bib},
  bibsource = {dblp computer science bibliography, https://dblp.org}
}
@inproceedings{belaid_tornado_2020,
  author    = {Sonia Bela{\"{\i}}d and
               Pierre{-}{\'{E}}variste Dagand and
               Darius Mercadier and
               Matthieu Rivain and
               Rapha{\"{e}}l Wintersdorff},
  editor    = {Anne Canteaut and
               Yuval Ishai},
  title     = {Tornado: Automatic Generation of Probing-Secure Masked Bitsliced Implementations},
  booktitle = {Advances in Cryptology - {EUROCRYPT} 2020 - 39th Annual International
               Conference on the Theory and Applications of Cryptographic Techniques,
               Zagreb, Croatia, May 10-14, 2020, Proceedings, Part {III}},
  series    = {Lecture Notes in Computer Science},
  volume    = {12107},
  pages     = {311--341},
  publisher = {Springer},
  year      = {2020},
  url       = {https://doi.org/10.1007/978-3-030-45727-3\_11},
  doi       = {10.1007/978-3-030-45727-3\_11},
  timestamp = {Mon, 04 May 2020 14:42:41 +0200},
  biburl    = {https://dblp.org/rec/conf/eurocrypt/BelaidDMRW20.bib},
  bibsource = {dblp computer science bibliography, https://dblp.org}
}
@inproceedings{coron_higher_2014,
  author    = {Jean{-}S{\'{e}}bastien Coron},
  editor    = {Phong Q. Nguyen and
               Elisabeth Oswald},
  title     = {Higher Order Masking of Look-Up Tables},
  booktitle = {Advances in Cryptology - {EUROCRYPT} 2014 - 33rd Annual International
               Conference on the Theory and Applications of Cryptographic Techniques,
               Copenhagen, Denmark, May 11-15, 2014. Proceedings},
  series    = {Lecture Notes in Computer Science},
  volume    = {8441},
  pages     = {441--458},
  publisher = {Springer},
  year      = {2014},
  url       = {https://doi.org/10.1007/978-3-642-55220-5\_25},
  doi       = {10.1007/978-3-642-55220-5\_25},
  timestamp = {Tue, 14 May 2019 10:00:53 +0200},
  biburl    = {https://dblp.org/rec/conf/eurocrypt/Coron14.bib},
  bibsource = {dblp computer science bibliography, https://dblp.org}
}
@incollection{kalai_leakage_2019,
  author    = {Yael Tauman Kalai and
               Leonid Reyzin},
  editor    = {Oded Goldreich},
  title     = {A survey of leakage-resilient cryptography},
  booktitle = {Providing Sound Foundations for Cryptography: On the Work of Shafi
               Goldwasser and Silvio Micali},
  pages     = {727--794},
  publisher = {{ACM}},
  year      = {2019},
  url       = {https://doi.org/10.1145/3335741.3335768},
  doi       = {10.1145/3335741.3335768},
  timestamp = {Tue, 05 Nov 2019 15:40:50 +0100},
  biburl    = {https://dblp.org/rec/books/acm/19/KalaiR19.bib},
  bibsource = {dblp computer science bibliography, https://dblp.org}
}
@inproceedings{willich_technique_2001,
  author    = {Manfred von Willich},
  editor    = {Bahram Honary},
  title     = {A Technique with an Information-Theoretic Basis for Protecting Secret
               Data from Differential Power Attacks},
  booktitle = {Cryptography and Coding, 8th {IMA} International Conference, Cirencester,
               UK, December 17-19, 2001, Proceedings},
  series    = {Lecture Notes in Computer Science},
  volume    = {2260},
  pages     = {44--62},
  publisher = {Springer},
  year      = {2001},
  url       = {https://doi.org/10.1007/3-540-45325-3\_6},
  doi       = {10.1007/3-540-45325-3\_6},
  timestamp = {Wed, 18 Mar 2020 16:01:01 +0100},
  biburl    = {https://dblp.org/rec/conf/ima/Willich01.bib},
  bibsource = {dblp computer science bibliography, https://dblp.org}
}
@inproceedings{clavier_differential_2000,
  author    = {Christophe Clavier and
               Jean{-}S{\'{e}}bastien Coron and
               Nora Dabbous},
  editor    = {{\c{C}}etin Kaya Ko{\c{c}} and
               Christof Paar},
  title     = {Differential Power Analysis in the Presence of Hardware Countermeasures},
  booktitle = {Cryptographic Hardware and Embedded Systems - {CHES} 2000, Second
               International Workshop, Worcester, MA, USA, August 17-18, 2000, Proceedings},
  series    = {Lecture Notes in Computer Science},
  volume    = {1965},
  pages     = {252--263},
  publisher = {Springer},
  year      = {2000},
  url       = {https://doi.org/10.1007/3-540-44499-8\_20},
  doi       = {10.1007/3-540-44499-8\_20},
  timestamp = {Tue, 14 May 2019 10:00:47 +0200},
  biburl    = {https://dblp.org/rec/conf/ches/ClavierCD00.bib},
  bibsource = {dblp computer science bibliography, https://dblp.org}
}
@inproceedings{gilmore_neural_2015,
  author    = {Richard Gilmore and
               Neil Hanley and
               M{\'{a}}ire O'Neill},
  title     = {Neural network based attack on a masked implementation of {AES}},
  booktitle = {{IEEE} International Symposium on Hardware Oriented Security and Trust,
               {HOST} 2015, Washington, DC, USA, 5-7 May, 2015},
  pages     = {106--111},
  year      = {2015},
  crossref  = {DBLP:conf/host/2015},
  url       = {https://doi.org/10.1109/HST.2015.7140247},
  doi       = {10.1109/HST.2015.7140247},
  timestamp = {Sun, 21 May 2017 00:20:33 +0200},
  biburl    = {https://dblp.org/rec/bib/conf/host/GilmoreHO15},
  bibsource = {dblp computer science bibliography, https://dblp.org}
}
@inproceedings{martinasek_profiling_2016,
  author    = {Zdenek Martinasek and
               Petr Dzurenda and
               Lukas Malina},
  title     = {Profiling power analysis attack based on {MLP} in {DPA} contest {V4.2}},
  booktitle = {39th International Conference on Telecommunications and Signal Processing,
               {TSP} 2016, Vienna, Austria, June 27-29, 2016},
  pages     = {223--226},
  year      = {2016},
  crossref  = {DBLP:conf/tsp/2016},
  url       = {https://doi.org/10.1109/TSP.2016.7760865},
  doi       = {10.1109/TSP.2016.7760865},
  timestamp = {Fri, 02 Nov 2018 09:49:57 +0100},
  biburl    = {https://dblp.org/rec/bib/conf/tsp/MartinasekDM16},
  bibsource = {dblp computer science bibliography, https://dblp.org}
}
@inproceedings{renauld_formal_2011,
  author    = {Mathieu Renauld and
               Fran{\c{c}}ois{-}Xavier Standaert and
               Nicolas Veyrat{-}Charvillon and
               Dina Kamel and
               Denis Flandre},
  title     = {A Formal Study of Power Variability Issues and Side-Channel Attacks
               for Nanoscale Devices},
  booktitle = {Advances in Cryptology - {EUROCRYPT} 2011 - 30th Annual International
               Conference on the Theory and Applications of Cryptographic Techniques,
               Tallinn, Estonia, May 15-19, 2011. Proceedings},
  pages     = {109--128},
  year      = {2011},
  crossref  = {DBLP:conf/eurocrypt/2011},
  url       = {https://doi.org/10.1007/978-3-642-20465-4\_8},
  doi       = {10.1007/978-3-642-20465-4\_8},
  timestamp = {Sat, 24 Nov 2018 11:59:26 +0100},
  biburl    = {https://dblp.org/rec/bib/conf/eurocrypt/RenauldSVKF11},
  bibsource = {dblp computer science bibliography, https://dblp.org}
}
@inproceedings{mangard_hardware_2004,
  author    = {Stefan Mangard},
  editor    = {Tatsuaki Okamoto},
  title     = {Hardware Countermeasures against {DPA} ? {A} Statistical Analysis
               of Their Effectiveness},
  booktitle = {Topics in Cryptology - {CT-RSA} 2004, The Cryptographers' Track at
               the {RSA} Conference 2004, San Francisco, CA, USA, February 23-27,
               2004, Proceedings},
  series    = {Lecture Notes in Computer Science},
  volume    = {2964},
  pages     = {222--235},
  publisher = {Springer},
  year      = {2004},
  url       = {https://doi.org/10.1007/978-3-540-24660-2\_18},
  doi       = {10.1007/978-3-540-24660-2\_18},
  timestamp = {Tue, 14 May 2019 10:00:52 +0200},
  biburl    = {https://dblp.org/rec/conf/ctrsa/Mangard04.bib},
  bibsource = {dblp computer science bibliography, https://dblp.org}
}
@inproceedings{bronchain_leakage_2019,
  author    = {Olivier Bronchain and
               Julien M. Hendrickx and
               Cl{\'{e}}ment Massart and
               Alex Olshevsky and
               Fran{\c{c}}ois{-}Xavier Standaert},
  title     = {Leakage Certification Revisited: Bounding Model Errors in Side-Channel
               Security Evaluations},
  booktitle = {Advances in Cryptology - {CRYPTO} 2019 - 39th Annual International
               Cryptology Conference, Santa Barbara, CA, USA, August 18-22, 2019,
               Proceedings, Part {I}},
  pages     = {713--737},
  year      = {2019},
  crossref  = {DBLP:conf/crypto/2019-1},
  url       = {https://doi.org/10.1007/978-3-030-26948-7\_25},
  doi       = {10.1007/978-3-030-26948-7\_25},
  timestamp = {Fri, 09 Aug 2019 14:20:48 +0200},
  biburl    = {https://dblp.org/rec/bib/conf/crypto/BronchainHMOS19},
  bibsource = {dblp computer science bibliography, https://dblp.org}
}
@inproceedings{lomne_how_2014,
  author    = {Victor Lomn{\'{e}} and
               Emmanuel Prouff and
               Matthieu Rivain and
               Thomas Roche and
               Adrian Thillard},
  title     = {How to Estimate the Success Rate of Higher-Order Side-Channel Attacks},
  booktitle = {Cryptographic Hardware and Embedded Systems - {CHES} 2014 - 16th International
               Workshop, Busan, South Korea, September 23-26, 2014. Proceedings},
  pages     = {35--54},
  year      = {2014},
  crossref  = {DBLP:conf/ches/2014},
  url       = {https://doi.org/10.1007/978-3-662-44709-3\_3},
  doi       = {10.1007/978-3-662-44709-3\_3},
  timestamp = {Sun, 23 Dec 2018 17:21:14 +0100},
  biburl    = {https://dblp.org/rec/bib/conf/ches/LomnePRRT14},
  bibsource = {dblp computer science bibliography, https://dblp.org}
}
@inproceedings{zeiler_visualizing_2013,
  author    = {Matthew D. Zeiler and
               Rob Fergus},
  title     = {Visualizing and Understanding Convolutional Networks},
  booktitle = {Computer Vision - {ECCV} 2014 - 13th European Conference, Zurich,
               Switzerland, September 6-12, 2014, Proceedings, Part {I}},
  pages     = {818--833},
  year      = {2014},
  crossref  = {DBLP:conf/eccv/2014-1},
  url       = {https://doi.org/10.1007/978-3-319-10590-1\_53},
  doi       = {10.1007/978-3-319-10590-1\_53},
  timestamp = {Tue, 14 May 2019 10:00:45 +0200},
  biburl    = {https://dblp.org/rec/bib/conf/eccv/ZeilerF14},
  bibsource = {dblp computer science bibliography, https://dblp.org}
}
@inproceedings{szegedy_intriguing_2014,
  author    = {Christian Szegedy and
               Wojciech Zaremba and
               Ilya Sutskever and
               Joan Bruna and
               Dumitru Erhan and
               Ian J. Goodfellow and
               Rob Fergus},
  editor    = {Yoshua Bengio and
               Yann LeCun},
  title     = {Intriguing properties of neural networks},
  booktitle = {2nd International Conference on Learning Representations, {ICLR} 2014,
               Banff, AB, Canada, April 14-16, 2014, Conference Track Proceedings},
  year      = {2014},
  url       = {http://arxiv.org/abs/1312.6199},
  timestamp = {Thu, 25 Jul 2019 14:35:25 +0200},
  biburl    = {https://dblp.org/rec/journals/corr/SzegedyZSBEGF13.bib},
  bibsource = {dblp computer science bibliography, https://dblp.org}
}
@inproceedings{goodfellow_explaining_2015,
  author    = {Ian J. Goodfellow and
               Jonathon Shlens and
               Christian Szegedy},
  editor    = {Yoshua Bengio and
               Yann LeCun},
  title     = {Explaining and Harnessing Adversarial Examples},
  booktitle = {3rd International Conference on Learning Representations, {ICLR} 2015,
               San Diego, CA, USA, May 7-9, 2015, Conference Track Proceedings},
  year      = {2015},
  url       = {http://arxiv.org/abs/1412.6572},
  timestamp = {Thu, 25 Jul 2019 14:25:38 +0200},
  biburl    = {https://dblp.org/rec/journals/corr/GoodfellowSS14.bib},
  bibsource = {dblp computer science bibliography, https://dblp.org}
}
@inproceedings{simonyan_deep_2013,
  author    = {Karen Simonyan and
               Andrea Vedaldi and
               Andrew Zisserman},
  title     = {Deep Inside Convolutional Networks: Visualising Image Classification
               Models and Saliency Maps},
  booktitle = {2nd International Conference on Learning Representations, {ICLR} 2014,
               Banff, AB, Canada, April 14-16, 2014, Workshop Track Proceedings},
  year      = {2014},
  crossref  = {DBLP:conf/iclr/2014w},
  url       = {http://arxiv.org/abs/1312.6034},
  timestamp = {Thu, 04 Apr 2019 13:20:06 +0200},
  biburl    = {https://dblp.org/rec/bib/journals/corr/SimonyanVZ13},
  bibsource = {dblp computer science bibliography, https://dblp.org}
}
@inproceedings{springenberg_striving_2014,
  author    = {Jost Tobias Springenberg and
               Alexey Dosovitskiy and
               Thomas Brox and
               Martin A. Riedmiller},
  title     = {Striving for Simplicity: The All Convolutional Net},
  booktitle = {3rd International Conference on Learning Representations, {ICLR} 2015,
               San Diego, CA, USA, May 7-9, 2015, Workshop Track Proceedings},
  year      = {2015},
  crossref  = {DBLP:conf/iclr/2015w},
  url       = {http://arxiv.org/abs/1412.6806},
  timestamp = {Fri, 29 Mar 2019 10:37:53 +0100},
  biburl    = {https://dblp.org/rec/bib/journals/corr/SpringenbergDBR14},
  bibsource = {dblp computer science bibliography, https://dblp.org}
}
@inproceedings{van_woudenberg_improving_2011,
  author    = {Jasper G. J. van Woudenberg and
               Marc F. Witteman and
               Bram Bakker},
  title     = {Improving Differential Power Analysis by Elastic Alignment},
  booktitle = {Topics in Cryptology - {CT-RSA} 2011 - The Cryptographers' Track at
               the {RSA} Conference 2011, San Francisco, CA, USA, February 14-18,
               2011. Proceedings},
  pages     = {104--119},
  year      = {2011},
  crossref  = {DBLP:conf/ctrsa/2011},
  url       = {https://doi.org/10.1007/978-3-642-19074-2\_8},
  doi       = {10.1007/978-3-642-19074-2\_8},
  timestamp = {Tue, 14 May 2019 10:00:52 +0200},
  biburl    = {https://dblp.org/rec/bib/conf/ctrsa/WoudenbergWB11},
  bibsource = {dblp computer science bibliography, https://dblp.org}
}
@inproceedings{nagashima_dpa_2007,
  author    = {Sei Nagashima and
               Naofumi Homma and
               Yuichi Imai and
               Takafumi Aoki and
               Akashi Satoh},
  title     = {{DPA} Using Phase-Based Waveform Matching against Random-Delay Countermeasure},
  booktitle = {International Symposium on Circuits and Systems {(ISCAS} 2007), 27-20
               May 2007, New Orleans, Louisiana, {USA}},
  pages     = {1807--1810},
  year      = {2007},
  crossref  = {DBLP:conf/iscas/2007},
  url       = {https://doi.org/10.1109/ISCAS.2007.378024},
  doi       = {10.1109/ISCAS.2007.378024},
  timestamp = {Fri, 26 May 2017 00:51:32 +0200},
  biburl    = {https://dblp.org/rec/bib/conf/iscas/NagashimaHIAS07},
  bibsource = {dblp computer science bibliography, https://dblp.org}
}
@inproceedings{durvaux_efficient_2012,
  author    = {Fran{\c{c}}ois Durvaux and
               Mathieu Renauld and
               Fran{\c{c}}ois{-}Xavier Standaert and
               Lo{\"{\i}}c van Oldeneel tot Oldenzeel and
               Nicolas Veyrat{-}Charvillon},
  title     = {Efficient Removal of Random Delays from Embedded Software Implementations
               Using Hidden Markov Models},
  booktitle = {Smart Card Research and Advanced Applications - 11th International
               Conference, {CARDIS} 2012, Graz, Austria, November 28-30, 2012, Revised
               Selected Papers},
  pages     = {123--140},
  year      = {2012},
  crossref  = {DBLP:conf/cardis/2012},
  url       = {https://doi.org/10.1007/978-3-642-37288-9\_9},
  doi       = {10.1007/978-3-642-37288-9\_9},
  timestamp = {Tue, 14 May 2019 10:00:52 +0200},
  biburl    = {https://dblp.org/rec/bib/conf/cardis/DurvauxRSOV12},
  bibsource = {dblp computer science bibliography, https://dblp.org}
}
@inproceedings{zhou_learning_2016,
  author    = {Bolei Zhou and
               Aditya Khosla and
               {\`{A}}gata Lapedriza and
               Aude Oliva and
               Antonio Torralba},
  title     = {Learning Deep Features for Discriminative Localization},
  booktitle = {2016 {IEEE} Conference on Computer Vision and Pattern Recognition,
               {CVPR} 2016, Las Vegas, NV, USA, June 27-30, 2016},
  pages     = {2921--2929},
  year      = {2016},
  crossref  = {DBLP:conf/cvpr/2016},
  url       = {https://doi.org/10.1109/CVPR.2016.319},
  doi       = {10.1109/CVPR.2016.319},
  timestamp = {Wed, 12 Jul 2017 09:11:25 +0200},
  biburl    = {https://dblp.org/rec/bib/conf/cvpr/ZhouKLOT16},
  bibsource = {dblp computer science bibliography, https://dblp.org}
}
@inproceedings{jasper_improving_2011,
  author    = {Jasper G. J. van Woudenberg and
               Marc F. Witteman and
               Bram Bakker},
  editor    = {Aggelos Kiayias},
  title     = {Improving Differential Power Analysis by Elastic Alignment},
  booktitle = {{CT-RSA}},
  year      = {2011},
  doi       = {10.1007/978-3-642-19074-2\_8},
  timestamp = {Tue, 14 May 2019 10:00:52 +0200},
  biburl    = {https://dblp.org/rec/conf/ctrsa/WoudenbergWB11.bib},
  bibsource = {dblp computer science bibliography, https://dblp.org}
}
@inproceedings{dpa_v4,
  author    = {Maxime Nassar and
               Youssef Souissi and
               Sylvain Guilley and
               Jean{-}Luc Danger},
  title     = {{RSM:} {A} small and fast countermeasure for {AES}, secure against 1st
               and 2nd-order zero-offset {SCA}s},
  booktitle = {{DATE}},
  year      = {2012},
  doi       = {10.1109/DATE.2012.6176671},
  timestamp = {Wed, 16 Oct 2019 14:14:53 +0200},
  biburl    = {https://dblp.org/rec/conf/date/NassarSGD12.bib},
  bibsource = {dblp computer science bibliography, https://dblp.org}
}
@InProceedings{masure_deep_2020,
  author    = {Lo{\"{\i}}c Masure and
               Nicolas Belleville and
               Eleonora Cagli and
               Marie{-}Angela Cornelie and
               Damien Courouss{\'{e}} and
               C{\'{e}}cile Dumas and
               Laurent Maingault},
  editor    = {Liqun Chen and
               Ninghui Li and
               Kaitai Liang and
               Steve A. Schneider},
  title     = {Deep Learning Side-Channel Analysis on Large-Scale Traces - {A} Case
               Study on a Polymorphic {AES}},
  booktitle = {Computer Security - {ESORICS} 2020 - 25th European Symposium on Research
               in Computer Security, {ESORICS} 2020, Guildford, UK, September 14-18,
               2020, Proceedings, Part {I}},
  series    = {Lecture Notes in Computer Science},
  volume    = {12308},
  pages     = {440--460},
  publisher = {Springer},
  year      = {2020},
  url       = {https://doi.org/10.1007/978-3-030-58951-6\_22},
  doi       = {10.1007/978-3-030-58951-6\_22},
  timestamp = {Mon, 14 Sep 2020 19:34:06 +0200},
  biburl    = {https://dblp.org/rec/conf/esorics/MasureBCCCDM20.bib},
  bibsource = {dblp computer science bibliography, https://dblp.org}
}


@inproceedings{standaert_welch_2018,
  author    = {Fran{\c{c}}ois{-}Xavier Standaert},
  editor    = {Beg{\"{u}}l Bilgin and
               Jean{-}Bernard Fischer},
  title     = {How (Not) to Use Welch's T-Test in Side-Channel Security Evaluations},
  booktitle = {Smart Card Research and Advanced Applications, 17th International
               Conference, {CARDIS} 2018, Montpellier, France, November 12-14, 2018,
               Revised Selected Papers},
  series    = {Lecture Notes in Computer Science},
  volume    = {11389},
  pages     = {65--79},
  publisher = {Springer},
  year      = {2018},
  url       = {https://doi.org/10.1007/978-3-030-15462-2\_5},
  doi       = {10.1007/978-3-030-15462-2\_5},
  timestamp = {Tue, 18 Jun 2019 17:00:20 +0200},
  biburl    = {https://dblp.org/rec/conf/cardis/Standaert18.bib},
  bibsource = {dblp computer science bibliography, https://dblp.org}
}
@inproceedings{he_deep_2015,
  author    = {Kaiming He and
               Xiangyu Zhang and
               Shaoqing Ren and
               Jian Sun},
  title     = {Deep Residual Learning for Image Recognition},
  booktitle = {2016 {IEEE} Conference on Computer Vision and Pattern Recognition,
               {CVPR} 2016, Las Vegas, NV, USA, June 27-30, 2016},
  pages     = {770--778},
  publisher = {{IEEE} Computer Society},
  year      = {2016},
  url       = {https://doi.org/10.1109/CVPR.2016.90},
  doi       = {10.1109/CVPR.2016.90},
  timestamp = {Wed, 16 Oct 2019 14:14:50 +0200},
  biburl    = {https://dblp.org/rec/conf/cvpr/HeZRS16.bib},
  bibsource = {dblp computer science bibliography, https://dblp.org}
}
@inproceedings{bhasin_mind_2019,
  author    = {Shivam Bhasin and
               Anupam Chattopadhyay and
               Annelie Heuser and
               Dirmanto Jap and
               Stjepan Picek and
               Ritu Ranjan Shrivastwa},
  title     = {Mind the Portability: {A} Warriors Guide through Realistic Profiled
               Side-channel Analysis},
  booktitle = {27th Annual Network and Distributed System Security Symposium, {NDSS}
               2020, San Diego, California, USA, February 23-26, 2020},
  publisher = {The Internet Society},
  year      = {2020},
  url       = {https://www.ndss-symposium.org/ndss-paper/mind-the-portability-a-warriors-guide-through-realistic-profiled-side-channel-analysis/},
  timestamp = {Tue, 21 Jul 2020 16:10:07 +0200},
  biburl    = {https://dblp.org/rec/conf/ndss/BhasinCHJPS20.bib},
  bibsource = {dblp computer science bibliography, https://dblp.org}
}
@inproceedings{heuser_intelligent_2012,
  author    = {Annelie Heuser and
               Michael Zohner},
  editor    = {Werner Schindler and
               Sorin A. Huss},
  title     = {Intelligent Machine Homicide - Breaking Cryptographic Devices Using
               Support Vector Machines},
  booktitle = {Constructive Side-Channel Analysis and Secure Design - Third International
               Workshop, {COSADE} 2012, Darmstadt, Germany, May 3-4, 2012. Proceedings},
  series    = {Lecture Notes in Computer Science},
  volume    = {7275},
  pages     = {249--264},
  publisher = {Springer},
  year      = {2012},
  url       = {https://doi.org/10.1007/978-3-642-29912-4\_18},
  doi       = {10.1007/978-3-642-29912-4\_18},
  timestamp = {Tue, 14 May 2019 10:00:39 +0200},
  biburl    = {https://dblp.org/rec/conf/cosade/HeuserZ12.bib},
  bibsource = {dblp computer science bibliography, https://dblp.org}
}
@inproceedings{boneh_breaking_1998,
  author    = {Dan Boneh and
               Ramarathnam Venkatesan},
  editor    = {Kaisa Nyberg},
  title     = {Breaking {RSA} May Not Be Equivalent to Factoring},
  booktitle = {Advances in Cryptology - {EUROCRYPT} '98, International Conference
               on the Theory and Application of Cryptographic Techniques, Espoo,
               Finland, May 31 - June 4, 1998, Proceeding},
  series    = {Lecture Notes in Computer Science},
  volume    = {1403},
  pages     = {59--71},
  publisher = {Springer},
  year      = {1998},
  url       = {https://doi.org/10.1007/BFb0054117},
  doi       = {10.1007/BFb0054117},
  timestamp = {Tue, 14 May 2019 10:00:53 +0200},
  biburl    = {https://dblp.org/rec/conf/eurocrypt/BonehV98.bib},
  bibsource = {dblp computer science bibliography, https://dblp.org}
}
@incollection{alexnet_2012,
  title     = {ImageNet Classification with Deep Convolutional Neural Networks},
  author    = {Alex Krizhevsky and Sutskever, Ilya and Hinton, Geoffrey E},
  booktitle = {Advances in Neural Information Processing Systems 25},
  editor    = {F. Pereira and C. J. C. Burges and L. Bottou and K. Q. Weinberger},
  pages     = {1097--1105},
  year      = {2012},
  publisher = {Curran Associates, Inc.},
  url       = {http://papers.nips.cc/paper/4824-imagenet-classification-with-deep-convolutional-neural-networks.pdf}
}
@inproceedings{kocher_spectre_2018,
  author    = {Paul Kocher and Jann Horn and Anders Fogh and and Daniel Genkin and Daniel Gruss and Werner Haas and Mike Hamburg and Moritz Lipp and Stefan Mangard and Thomas Prescher and Michael Schwarz and Yuval Yarom},
  title     = {Spectre Attacks: Exploiting Speculative Execution},
  booktitle = {40th IEEE Symposium on Security and Privacy (S\&P'19)},
  year      = {2019},
}
@inproceedings{bogdanov_biclique_2011,
  author    = {Andrey Bogdanov and
               Dmitry Khovratovich and
               Christian Rechberger},
  editor    = {Dong Hoon Lee and
               Xiaoyun Wang},
  title     = {Biclique Cryptanalysis of the Full {AES}},
  booktitle = {Advances in Cryptology - {ASIACRYPT} 2011 - 17th International Conference
               on the Theory and Application of Cryptology and Information Security,
               Seoul, South Korea, December 4-8, 2011. Proceedings},
  series    = {Lecture Notes in Computer Science},
  volume    = {7073},
  pages     = {344--371},
  publisher = {Springer},
  year      = {2011},
  url       = {https://doi.org/10.1007/978-3-642-25385-0\_19},
  doi       = {10.1007/978-3-642-25385-0\_19},
  timestamp = {Tue, 14 May 2019 10:00:40 +0200},
  biburl    = {https://dblp.org/rec/conf/asiacrypt/BogdanovKR11.bib},
  bibsource = {dblp computer science bibliography, https://dblp.org}
}
@inproceedings{cristiani_leakage_2020,
  author    = {Valence Cristiani and
               Maxime Lecomte and
               Philippe Maurine},
  editor    = {Jianying Zhou and
               Mauro Conti and
               Chuadhry Mujeeb Ahmed and
               Man Ho Au and
               Lejla Batina and
               Zhou Li and
               Jingqiang Lin and
               Eleonora Losiouk and
               Bo Luo and
               Suryadipta Majumdar and
               Weizhi Meng and
               Mart{\'{\i}}n Ochoa and
               Stjepan Picek and
               Georgios Portokalidis and
               Cong Wang and
               Kehuan Zhang},
  title     = {Leakage Assessment Through Neural Estimation of the Mutual Information},
  booktitle = {Applied Cryptography and Network Security Workshops - {ACNS} 2020
               Satellite Workshops, AIBlock, AIHWS, AIoTS, Cloud S{\&}P, SCI,
               SecMT, and SiMLA, Rome, Italy, October 19-22, 2020, Proceedings},
  series    = {Lecture Notes in Computer Science},
  volume    = {12418},
  pages     = {144--162},
  publisher = {Springer},
  year      = {2020},
  url       = {https://doi.org/10.1007/978-3-030-61638-0\_9},
  doi       = {10.1007/978-3-030-61638-0\_9},
  timestamp = {Wed, 28 Oct 2020 11:35:28 +0100},
  biburl    = {https://dblp.org/rec/conf/acns/CristianiLM20.bib},
  bibsource = {dblp computer science bibliography, https://dblp.org}
}
@inproceedings{renauld_algebraic_2009,
  author    = {Mathieu Renauld and
               Fran{\c{c}}ois{-}Xavier Standaert},
  editor    = {Feng Bao and
               Moti Yung and
               Dongdai Lin and
               Jiwu Jing},
  title     = {Algebraic Side-Channel Attacks},
  booktitle = {Information Security and Cryptology - 5th International Conference,
               Inscrypt 2009, Beijing, China, December 12-15, 2009. Revised Selected
               Papers},
  series    = {Lecture Notes in Computer Science},
  volume    = {6151},
  pages     = {393--410},
  publisher = {Springer},
  year      = {2009},
  url       = {https://doi.org/10.1007/978-3-642-16342-5\_29},
  doi       = {10.1007/978-3-642-16342-5\_29},
  timestamp = {Tue, 14 May 2019 10:00:52 +0200},
  biburl    = {https://dblp.org/rec/conf/cisc/RenauldS09.bib},
  bibsource = {dblp computer science bibliography, https://dblp.org}
}
@inproceedings{renauld_aes_2009,
  author    = {Mathieu Renauld and
               Fran{\c{c}}ois{-}Xavier Standaert and
               Nicolas Veyrat{-}Charvillon},
  editor    = {Christophe Clavier and
               Kris Gaj},
  title     = {Algebraic Side-Channel Attacks on the {AES:} Why Time also Matters
               in {DPA}},
  booktitle = {Cryptographic Hardware and Embedded Systems - {CHES} 2009, 11th International
               Workshop, Lausanne, Switzerland, September 6-9, 2009, Proceedings},
  series    = {Lecture Notes in Computer Science},
  volume    = {5747},
  pages     = {97--111},
  publisher = {Springer},
  year      = {2009},
  url       = {https://doi.org/10.1007/978-3-642-04138-9\_8},
  doi       = {10.1007/978-3-642-04138-9\_8},
  timestamp = {Tue, 14 May 2019 10:00:47 +0200},
  biburl    = {https://dblp.org/rec/conf/ches/RenauldSV09.bib},
  bibsource = {dblp computer science bibliography, https://dblp.org}
}
% Key enumeration, rank estimation
@inproceedings{david_fast_2019,
  author    = {Liron David and
               Avishai Wool},
  editor    = {Ilia Polian and
               Marc St{\"{o}}ttinger},
  title     = {Fast Analytical Rank Estimation},
  booktitle = {Constructive Side-Channel Analysis and Secure Design - 10th International
               Workshop, {COSADE} 2019, Darmstadt, Germany, April 3-5, 2019, Proceedings},
  series    = {Lecture Notes in Computer Science},
  volume    = {11421},
  pages     = {168--190},
  publisher = {Springer},
  year      = {2019},
  crossref  = {DBLP:conf/cosade/2019},
  url       = {https://doi.org/10.1007/978-3-030-16350-1\_10},
  doi       = {10.1007/978-3-030-16350-1\_10},
  timestamp = {Tue, 14 May 2019 10:00:39 +0200},
  biburl    = {https://dblp.org/rec/conf/cosade/DavidW19.bib},
  bibsource = {dblp computer science bibliography, https://dblp.org}
}
@InProceedings{azouaoui_key_2019,
  author    = {Azouaoui, Melissa
               and Poussier, Romain
               and Standaert, Fran{\c{c}}ois-Xavier
               and Verneuil, Vincent},
  editor    = {Bela{\"i}d, Sonia
               and G{\"u}neysu, Tim},
  title     = {Key Enumeration from the Adversarial Viewpoint},
  booktitle = {Smart Card Research and Advanced Applications},
  year      = {2020},
  publisher = {Springer International Publishing},
  address   = {Cham},
  pages     = {252--267},
  isbn      = {978-3-030-42068-0},
  doi       = {10.1007/978-3-030-42068-0_15},
  url       = {https://doi.org/10.1007/978-3-030-42068-0_15}
}
@inproceedings{veyrat-charvillon_optimal_2012,
  author    = {Nicolas Veyrat{-}Charvillon and
               Beno{\^{\i}}t G{\'{e}}rard and
               Mathieu Renauld and
               Fran{\c{c}}ois{-}Xavier Standaert},
  editor    = {Lars R. Knudsen and
               Huapeng Wu},
  title     = {An Optimal Key Enumeration Algorithm and Its Application to Side-Channel
               Attacks},
  booktitle = {Selected Areas in Cryptography, 19th International Conference, {SAC}
               2012, Windsor, ON, Canada, August 15-16, 2012, Revised Selected Papers},
  series    = {Lecture Notes in Computer Science},
  volume    = {7707},
  pages     = {390--406},
  publisher = {Springer},
  year      = {2012},
  url       = {https://doi.org/10.1007/978-3-642-35999-6\_25},
  doi       = {10.1007/978-3-642-35999-6\_25},
  timestamp = {Tue, 14 May 2019 10:00:38 +0200},
  biburl    = {https://dblp.org/rec/conf/sacrypt/Veyrat-CharvillonGRS12.bib},
  bibsource = {dblp computer science bibliography, https://dblp.org}
}
@inproceedings{martin_two_2018,
  author    = {Daniel P. Martin and
               Luke Mather and
               Elisabeth Oswald},
  editor    = {Nigel P. Smart},
  title     = {Two Sides of the Same Coin: Counting and Enumerating Keys Post Side-Channel
               Attacks Revisited},
  booktitle = {Topics in Cryptology - {CT-RSA} 2018 - The Cryptographers' Track at
               the {RSA} Conference 2018, San Francisco, CA, USA, April 16-20, 2018,
               Proceedings},
  series    = {Lecture Notes in Computer Science},
  volume    = {10808},
  pages     = {394--412},
  publisher = {Springer},
  year      = {2018},
  url       = {https://doi.org/10.1007/978-3-319-76953-0\_21},
  doi       = {10.1007/978-3-319-76953-0\_21},
  timestamp = {Tue, 14 May 2019 10:00:52 +0200},
  biburl    = {https://dblp.org/rec/conf/ctrsa/0001MO18.bib},
  bibsource = {dblp computer science bibliography, https://dblp.org}
}
@inproceedings{veyrat-charvillon_security_2013,
  author    = {Nicolas Veyrat{-}Charvillon and
               Beno{\^{\i}}t G{\'{e}}rard and
               Fran{\c{c}}ois{-}Xavier Standaert},
  editor    = {Thomas Johansson and
               Phong Q. Nguyen},
  title     = {Security Evaluations beyond Computing Power},
  booktitle = {Advances in Cryptology - {EUROCRYPT} 2013, 32nd Annual International
               Conference on the Theory and Applications of Cryptographic Techniques,
               Athens, Greece, May 26-30, 2013. Proceedings},
  series    = {Lecture Notes in Computer Science},
  volume    = {7881},
  pages     = {126--141},
  publisher = {Springer},
  year      = {2013},
  url       = {https://doi.org/10.1007/978-3-642-38348-9\_8},
  doi       = {10.1007/978-3-642-38348-9\_8},
  timestamp = {Tue, 14 May 2019 10:00:53 +0200},
  biburl    = {https://dblp.org/rec/conf/eurocrypt/Veyrat-CharvillonGS13.bib},
  bibsource = {dblp computer science bibliography, https://dblp.org}
}
@inproceedings{glowacz_simpler_2015,
  author    = {Cezary Glowacz and
               Vincent Grosso and
               Romain Poussier and
               Joachim Sch{\"{u}}th and
               Fran{\c{c}}ois{-}Xavier Standaert},
  editor    = {Gregor Leander},
  title     = {Simpler and More Efficient Rank Estimation for Side-Channel Security
               Assessment},
  booktitle = {Fast Software Encryption - 22nd International Workshop, {FSE} 2015,
               Istanbul, Turkey, March 8-11, 2015, Revised Selected Papers},
  series    = {Lecture Notes in Computer Science},
  volume    = {9054},
  pages     = {117--129},
  publisher = {Springer},
  year      = {2015},
  url       = {https://doi.org/10.1007/978-3-662-48116-5\_6},
  doi       = {10.1007/978-3-662-48116-5\_6},
  timestamp = {Sat, 19 Oct 2019 20:27:47 +0200},
  biburl    = {https://dblp.org/rec/conf/fse/GlowaczGPSS15.bib},
  bibsource = {dblp computer science bibliography, https://dblp.org}
}
@inproceedings{martin_characterisation_2016,
  author    = {Daniel P. Martin and
               Luke Mather and
               Elisabeth Oswald and
               Martijn Stam},
  editor    = {Jung Hee Cheon and
               Tsuyoshi Takagi},
  title     = {Characterisation and Estimation of the Key Rank Distribution in the
               Context of Side Channel Evaluations},
  booktitle = {Advances in Cryptology - {ASIACRYPT} 2016 - 22nd International Conference
               on the Theory and Application of Cryptology and Information Security,
               Hanoi, Vietnam, December 4-8, 2016, Proceedings, Part {I}},
  series    = {Lecture Notes in Computer Science},
  volume    = {10031},
  pages     = {548--572},
  year      = {2016},
  url       = {https://doi.org/10.1007/978-3-662-53887-6\_20},
  doi       = {10.1007/978-3-662-53887-6\_20},
  timestamp = {Tue, 14 May 2019 10:00:40 +0200},
  biburl    = {https://dblp.org/rec/conf/asiacrypt/0001MOS16.bib},
  bibsource = {dblp computer science bibliography, https://dblp.org}
}
@inproceedings{ye_bounded_2014,
  author    = {Xin Ye and
               Thomas Eisenbarth and
               William Martin},
  editor    = {Marc Joye and
               Amir Moradi},
  title     = {Bounded, yet Sufficient? How to Determine Whether Limited Side Channel
               Information Enables Key Recovery},
  booktitle = {Smart Card Research and Advanced Applications - 13th International
               Conference, {CARDIS} 2014, Paris, France, November 5-7, 2014. Revised
               Selected Papers},
  series    = {Lecture Notes in Computer Science},
  volume    = {8968},
  pages     = {215--232},
  publisher = {Springer},
  year      = {2014},
  url       = {https://doi.org/10.1007/978-3-319-16763-3\_13},
  doi       = {10.1007/978-3-319-16763-3\_13},
  timestamp = {Tue, 14 May 2019 10:00:52 +0200},
  biburl    = {https://dblp.org/rec/conf/cardis/YeEM14.bib},
  bibsource = {dblp computer science bibliography, https://dblp.org}
}
@inproceedings{martin_counting_2015,
  author    = {Daniel P. Martin and
               Jonathan F. O'Connell and
               Elisabeth Oswald and
               Martijn Stam},
  editor    = {Tetsu Iwata and
               Jung Hee Cheon},
  title     = {Counting Keys in Parallel After a Side Channel Attack},
  booktitle = {Advances in Cryptology - {ASIACRYPT} 2015 - 21st International Conference
               on the Theory and Application of Cryptology and Information Security,
               Auckland, New Zealand, November 29 - December 3, 2015, Proceedings,
               Part {II}},
  series    = {Lecture Notes in Computer Science},
  volume    = {9453},
  pages     = {313--337},
  publisher = {Springer},
  year      = {2015},
  url       = {https://doi.org/10.1007/978-3-662-48800-3\_13},
  doi       = {10.1007/978-3-662-48800-3\_13},
  timestamp = {Tue, 14 May 2019 10:00:40 +0200},
  biburl    = {https://dblp.org/rec/conf/asiacrypt/MartinOOS15.bib},
  bibsource = {dblp computer science bibliography, https://dblp.org}
}
@inproceedings{bogdanov_fast_2015,
  author    = {Andrey Bogdanov and
               Ilya Kizhvatov and
               Kamran Manzoor and
               Elmar Tischhauser and
               Marc Witteman},
  editor    = {Orr Dunkelman and
               Liam Keliher},
  title     = {Fast and Memory-Efficient Key Recovery in Side-Channel Attacks},
  booktitle = {Selected Areas in Cryptography - {SAC} 2015 - 22nd International Conference,
               Sackville, NB, Canada, August 12-14, 2015, Revised Selected Papers},
  series    = {Lecture Notes in Computer Science},
  volume    = {9566},
  pages     = {310--327},
  publisher = {Springer},
  year      = {2015},
  url       = {https://doi.org/10.1007/978-3-319-31301-6\_19},
  doi       = {10.1007/978-3-319-31301-6\_19},
  timestamp = {Tue, 20 Aug 2019 15:27:00 +0200},
  biburl    = {https://dblp.org/rec/conf/sacrypt/BogdanovKMTW15.bib},
  bibsource = {dblp computer science bibliography, https://dblp.org}
}
@inproceedings{whitnall_myth_2014,
  author    = {Carolyn Whitnall and
               Elisabeth Oswald and
               Fran{\c{c}}ois{-}Xavier Standaert},
  editor    = {Josh Benaloh},
  title     = {The Myth of Generic DPA...and the Magic of Learning},
  booktitle = {Topics in Cryptology - {CT-RSA} 2014 - The Cryptographer's Track at
               the {RSA} Conference 2014, San Francisco, CA, USA, February 25-28,
               2014. Proceedings},
  series    = {Lecture Notes in Computer Science},
  volume    = {8366},
  pages     = {183--205},
  publisher = {Springer},
  year      = {2014},
  url       = {https://doi.org/10.1007/978-3-319-04852-9\_10},
  doi       = {10.1007/978-3-319-04852-9\_10},
  timestamp = {Tue, 14 May 2019 10:00:52 +0200},
  biburl    = {https://dblp.org/rec/conf/ctrsa/WhitnallOS14.bib},
  bibsource = {dblp computer science bibliography, https://dblp.org}
}
@inproceedings{wang_evaluation_2015,
  author    = {Weijia Wang and
               Yu Yu and
               Junrong Liu and
               Zheng Guo and
               Fran{\c{c}}ois{-}Xavier Standaert and
               Dawu Gu and
               Sen Xu and
               Rong Fu},
  editor    = {Tim G{\"{u}}neysu and
               Helena Handschuh},
  title     = {Evaluation and Improvement of Generic-Emulating {DPA} Attacks},
  booktitle = {Cryptographic Hardware and Embedded Systems - {CHES} 2015 - 17th International
               Workshop, Saint-Malo, France, September 13-16, 2015, Proceedings},
  series    = {Lecture Notes in Computer Science},
  volume    = {9293},
  pages     = {416--432},
  publisher = {Springer},
  year      = {2015},
  url       = {https://doi.org/10.1007/978-3-662-48324-4\_21},
  doi       = {10.1007/978-3-662-48324-4\_21},
  timestamp = {Thu, 31 Oct 2019 17:50:50 +0100},
  biburl    = {https://dblp.org/rec/conf/ches/WangYLGSGXF15.bib},
  bibsource = {dblp computer science bibliography, https://dblp.org}
}
@inproceedings{veyrat-charvillon_soft_2014,
  author    = {Nicolas Veyrat{-}Charvillon and
               Beno{\^{\i}}t G{\'{e}}rard and
               Fran{\c{c}}ois{-}Xavier Standaert},
  editor    = {Palash Sarkar and
               Tetsu Iwata},
  title     = {Soft Analytical Side-Channel Attacks},
  booktitle = {Advances in Cryptology - {ASIACRYPT} 2014 - 20th International Conference
               on the Theory and Application of Cryptology and Information Security,
               Kaoshiung, Taiwan, R.O.C., December 7-11, 2014. Proceedings, Part
               {I}},
  series    = {Lecture Notes in Computer Science},
  volume    = {8873},
  pages     = {282--296},
  publisher = {Springer},
  year      = {2014},
  url       = {https://doi.org/10.1007/978-3-662-45611-8\_15},
  doi       = {10.1007/978-3-662-45611-8\_15},
  timestamp = {Tue, 14 May 2019 10:00:40 +0200},
  biburl    = {https://dblp.org/rec/conf/asiacrypt/Veyrat-CharvillonGS14.bib},
  bibsource = {dblp computer science bibliography, https://dblp.org}
}
%%%%%%%%%%%%%%%%%%%%%%%%%%%%%%%%%%%%%%%%%%%%%%%%%%%%%%%%%%%%%%%%%%%%%%%%%%%%%%%%
                              PROCEEDINGS
%%%%%%%%%%%%%%%%%%%%%%%%%%%%%%%%%%%%%%%%%%%%%%%%%%%%%%%%%%%%%%%%%%%%%%%%%%%%%%%%
@proceedings{DBLP:conf/esorics/2020,
  editor    = {Liqun Chen and
               Ninghui Li},
  title     = {25th European Symposium on Research in Computer Security, {ESORICS} 2020, Guildford, UK, September 14–18, 2020, Proceedings},
  series    = {Lecture Notes in Computer Science},
  volume    = {12308},
  publisher = {Springer},
  year      = {2020},
  url       = {https://doi.org/10.1007/978-3-030-58950-9},
  doi       = {10.1007/978-3-030-58950-9},
  isbn      = {978-3-030-58950-9},
  timestamp = {Thu, 21 Mar 2019 14:50:14 +0100},
  biburl    = {https://dblp.org/rec/bib/conf/esorics/2020},
  bibsource = {dblp computer science bibliography, https://dblp.org}
}
@proceedings{DBLP:conf/nips/2019,
  editor    = {Hanna M. Wallach and
               Hugo Larochelle and
               Alina Beygelzimer and
               Florence d'Alch{\'{e}}{-}Buc and
               Emily B. Fox and
               Roman Garnett},
  title     = {Advances in Neural Information Processing Systems 32: Annual Conference
               on Neural Information Processing Systems 2019, NeurIPS 2019, 8-14
               December 2019, Vancouver, BC, Canada},
  year      = {2019},
  url       = {http://papers.nips.cc/book/advances-in-neural-information-processing-systems-32-2019},
  timestamp = {Mon, 13 Jan 2020 09:28:31 +0100},
  biburl    = {https://dblp.org/rec/conf/nips/2019.bib},
  bibsource = {dblp computer science bibliography, https://dblp.org}
}
@proceedings{DBLP:conf/crypto/2019-1,
  editor    = {Alexandra Boldyreva and
               Daniele Micciancio},
  title     = {Advances in Cryptology - {CRYPTO} 2019 - 39th Annual International
               Cryptology Conference, Santa Barbara, CA, USA, August 18-22, 2019,
               Proceedings, Part {I}},
  series    = {Lecture Notes in Computer Science},
  volume    = {11692},
  publisher = {Springer},
  year      = {2019},
  url       = {https://doi.org/10.1007/978-3-030-26948-7},
  doi       = {10.1007/978-3-030-26948-7},
  isbn      = {978-3-030-26947-0},
  timestamp = {Fri, 09 Aug 2019 14:20:22 +0200},
  biburl    = {https://dblp.org/rec/bib/conf/crypto/2019-1},
  bibsource = {dblp computer science bibliography, https://dblp.org}
}
@proceedings{DBLP:conf/cosade/2019,
  editor    = {Ilia Polian and
               Marc St{\"{o}}ttinger},
  title     = {Constructive Side-Channel Analysis and Secure Design - 10th International
               Workshop, {COSADE} 2019, Darmstadt, Germany, April 3-5, 2019, Proceedings},
  series    = {Lecture Notes in Computer Science},
  volume    = {11421},
  publisher = {Springer},
  year      = {2019},
  url       = {https://doi.org/10.1007/978-3-030-16350-1},
  doi       = {10.1007/978-3-030-16350-1},
  isbn      = {978-3-030-16349-5},
  timestamp = {Thu, 21 Mar 2019 14:50:14 +0100},
  biburl    = {https://dblp.org/rec/bib/conf/cosade/2019},
  bibsource = {dblp computer science bibliography, https://dblp.org}
}
@proceedings{DBLP:conf/ches/2017,
  editor    = {Wieland Fischer and
               Naofumi Homma},
  title     = {Cryptographic Hardware and Embedded Systems - {CHES} 2017 - 19th International
               Conference, Taipei, Taiwan, September 25-28, 2017, Proceedings},
  series    = {Lecture Notes in Computer Science},
  volume    = {10529},
  publisher = {Springer},
  year      = {2017},
  url       = {https://doi.org/10.1007/978-3-319-66787-4},
  doi       = {10.1007/978-3-319-66787-4},
  isbn      = {978-3-319-66786-7},
  timestamp = {Sat, 24 Nov 2018 11:59:45 +0100},
  biburl    = {https://dblp.org/rec/bib/conf/ches/2017},
  bibsource = {dblp computer science bibliography, https://dblp.org}
}
@proceedings{DBLP:conf/cvpr/2016,
  title     = {2016 {IEEE} Conference on Computer Vision and Pattern Recognition,
               {CVPR} 2016, Las Vegas, NV, USA, June 27-30, 2016},
  publisher = {{IEEE} Computer Society},
  year      = {2016},
  url       = {http://ieeexplore.ieee.org/xpl/mostRecentIssue.jsp?punumber=7776647},
  isbn      = {978-1-4673-8851-1},
  timestamp = {Wed, 14 Dec 2016 14:19:41 +0100},
  biburl    = {https://dblp.org/rec/bib/conf/cvpr/2016},
  bibsource = {dblp computer science bibliography, https://dblp.org}
}
@proceedings{DBLP:conf/space/2016,
  editor    = {Claude Carlet and
               M. Anwar Hasan and
               Vishal Saraswat},
  title     = {Security, Privacy, and Applied Cryptography Engineering - 6th International
               Conference, {SPACE} 2016, Hyderabad, India, December 14-18, 2016,
               Proceedings},
  series    = {Lecture Notes in Computer Science},
  volume    = {10076},
  publisher = {Springer},
  year      = {2016},
  url       = {https://doi.org/10.1007/978-3-319-49445-6},
  doi       = {10.1007/978-3-319-49445-6},
  isbn      = {978-3-319-49444-9},
  timestamp = {Wed, 17 May 2017 14:25:06 +0200},
  biburl    = {https://dblp.org/rec/bib/conf/space/2016},
  bibsource = {dblp computer science bibliography, https://dblp.org}
}
@proceedings{DBLP:conf/tsp/2016,
  title     = {39th International Conference on Telecommunications and Signal Processing,
               {TSP} 2016, Vienna, Austria, June 27-29, 2016},
  publisher = {{IEEE}},
  year      = {2016},
  url       = {http://ieeexplore.ieee.org/xpl/mostRecentIssue.jsp?punumber=7750937},
  isbn      = {978-1-5090-1288-6},
  timestamp = {Tue, 06 Dec 2016 10:53:41 +0100},
  biburl    = {https://dblp.org/rec/bib/conf/tsp/2016},
  bibsource = {dblp computer science bibliography, https://dblp.org}
}
@proceedings{DBLP:conf/iclr/2015w,
  editor    = {Yoshua Bengio and
               Yann LeCun},
  title     = {3rd International Conference on Learning Representations, {ICLR} 2015,
               San Diego, CA, USA, May 7-9, 2015, Workshop Track Proceedings},
  year      = {2015},
  url       = {https://iclr.cc/archive/www/doku.php\%3Fid=iclr2015:accepted-main.html},
  timestamp = {Wed, 27 Mar 2019 18:11:10 +0100},
  biburl    = {https://dblp.org/rec/bib/conf/iclr/2015w},
  bibsource = {dblp computer science bibliography, https://dblp.org}
}
@proceedings{DBLP:conf/aistats/2015,
  editor    = {Guy Lebanon and
               S. V. N. Vishwanathan},
  title     = {Proceedings of the Eighteenth International Conference on Artificial
               Intelligence and Statistics, {AISTATS} 2015, San Diego, California,
               USA, May 9-12, 2015},
  series    = {{JMLR} Workshop and Conference Proceedings},
  volume    = {38},
  publisher = {JMLR.org},
  year      = {2015},
  url       = {http://jmlr.org/proceedings/papers/v38/},
  timestamp = {Wed, 03 Apr 2019 18:01:57 +0200},
  biburl    = {https://dblp.org/rec/bib/conf/aistats/2015},
  bibsource = {dblp computer science bibliography, https://dblp.org}
}
@proceedings{DBLP:conf/host/2015,
  title     = {{IEEE} International Symposium on Hardware Oriented Security and Trust,
               {HOST} 2015, Washington, DC, USA, 5-7 May, 2015},
  publisher = {{IEEE} Computer Society},
  year      = {2015},
  url       = {http://ieeexplore.ieee.org/xpl/mostRecentIssue.jsp?punumber=7119893},
  isbn      = {978-1-4673-7420-0},
  timestamp = {Fri, 29 Apr 2016 12:32:30 +0200},
  biburl    = {https://dblp.org/rec/bib/conf/host/2015},
  bibsource = {dblp computer science bibliography, https://dblp.org}
}
@proceedings{DBLP:conf/ches/2014,
  editor    = {Lejla Batina and
               Matthew Robshaw},
  title     = {Cryptographic Hardware and Embedded Systems - {CHES} 2014 - 16th International
               Workshop, Busan, South Korea, September 23-26, 2014. Proceedings},
  series    = {Lecture Notes in Computer Science},
  volume    = {8731},
  publisher = {Springer},
  year      = {2014},
  url       = {https://doi.org/10.1007/978-3-662-44709-3},
  doi       = {10.1007/978-3-662-44709-3},
  isbn      = {978-3-662-44708-6},
  timestamp = {Sun, 21 May 2017 00:18:33 +0200},
  biburl    = {https://dblp.org/rec/bib/conf/ches/2014},
  bibsource = {dblp computer science bibliography, https://dblp.org}
}
@proceedings{DBLP:conf/cardis/2014,
  editor    = {Marc Joye and
               Amir Moradi},
  title     = {Smart Card Research and Advanced Applications - 13th International
               Conference, {CARDIS} 2014, Paris, France, November 5-7, 2014. Revised
               Selected Papers},
  series    = {Lecture Notes in Computer Science},
  volume    = {8968},
  publisher = {Springer},
  year      = {2015},
  url       = {https://doi.org/10.1007/978-3-319-16763-3},
  doi       = {10.1007/978-3-319-16763-3},
  isbn      = {978-3-319-16762-6},
  timestamp = {Tue, 14 May 2019 10:00:52 +0200},
  biburl    = {https://dblp.org/rec/bib/conf/cardis/2014},
  bibsource = {dblp computer science bibliography, https://dblp.org}
}
@proceedings{DBLP:conf/iclr/2014w,
  editor    = {Yoshua Bengio and
               Yann LeCun},
  title     = {2nd International Conference on Learning Representations, {ICLR} 2014,
               Banff, AB, Canada, April 14-16, 2014, Workshop Track Proceedings},
  year      = {2014},
  url       = {https://openreview.net/group?id=ICLR.cc/2014},
  timestamp = {Thu, 04 Apr 2019 13:20:06 +0200},
  biburl    = {https://dblp.org/rec/bib/conf/iclr/2014w},
  bibsource = {dblp computer science bibliography, https://dblp.org}
}
@proceedings{DBLP:conf/cosade/2014,
  editor    = {Emmanuel Prouff},
  title     = {Constructive Side-Channel Analysis and Secure Design - 5th International
               Workshop, {COSADE} 2014, Paris, France, April 13-15, 2014. Revised
               Selected Papers},
  series    = {Lecture Notes in Computer Science},
  volume    = {8622},
  publisher = {Springer},
  year      = {2014},
  url       = {https://doi.org/10.1007/978-3-319-10175-0},
  doi       = {10.1007/978-3-319-10175-0},
  isbn      = {978-3-319-10174-3},
  timestamp = {Tue, 14 May 2019 10:00:39 +0200},
  biburl    = {https://dblp.org/rec/bib/conf/cosade/2014},
  bibsource = {dblp computer science bibliography, https://dblp.org}
}
@proceedings{DBLP:conf/eccv/2014-1,
  editor    = {David J. Fleet and
               Tom{\'{a}}s Pajdla and
               Bernt Schiele and
               Tinne Tuytelaars},
  title     = {Computer Vision - {ECCV} 2014 - 13th European Conference, Zurich,
               Switzerland, September 6-12, 2014, Proceedings, Part {I}},
  series    = {Lecture Notes in Computer Science},
  volume    = {8689},
  publisher = {Springer},
  year      = {2014},
  url       = {https://doi.org/10.1007/978-3-319-10590-1},
  doi       = {10.1007/978-3-319-10590-1},
  isbn      = {978-3-319-10589-5},
  timestamp = {Tue, 14 May 2019 10:00:45 +0200},
  biburl    = {https://dblp.org/rec/bib/conf/eccv/2014-1},
  bibsource = {dblp computer science bibliography, https://dblp.org}
}
@proceedings{DBLP:conf/eurocrypt/2013,
  editor    = {Thomas Johansson and
               Phong Q. Nguyen},
  title     = {Advances in Cryptology - {EUROCRYPT} 2013, 32nd Annual International
               Conference on the Theory and Applications of Cryptographic Techniques,
               Athens, Greece, May 26-30, 2013. Proceedings},
  series    = {Lecture Notes in Computer Science},
  volume    = {7881},
  publisher = {Springer},
  year      = {2013},
  url       = {https://doi.org/10.1007/978-3-642-38348-9},
  doi       = {10.1007/978-3-642-38348-9},
  isbn      = {978-3-642-38347-2},
  timestamp = {Wed, 14 Nov 2018 10:54:57 +0100},
  biburl    = {https://dblp.org/rec/bib/conf/eurocrypt/2013},
  bibsource = {dblp computer science bibliography, https://dblp.org}
}
@proceedings{DBLP:conf/asiacrypt/2013-1,
  editor    = {Kazue Sako and
               Palash Sarkar},
  title     = {Advances in Cryptology - {ASIACRYPT} 2013 - 19th International Conference
               on the Theory and Application of Cryptology and Information Security,
               Bengaluru, India, December 1-5, 2013, Proceedings, Part {I}},
  series    = {Lecture Notes in Computer Science},
  volume    = {8269},
  publisher = {Springer},
  year      = {2013},
  doi       = {10.1007/978-3-642-42033-7},
  isbn      = {978-3-642-42032-0},
  timestamp = {Tue, 14 May 2019 10:00:40 +0200},
  biburl    = {https://dblp.org/rec/bib/conf/asiacrypt/2013-1},
  bibsource = {dblp computer science bibliography, https://dblp.org}
}
@proceedings{DBLP:conf/cardis/2013,
  editor    = {Aur{\'{e}}lien Francillon and
               Pankaj Rohatgi},
  title     = {Smart Card Research and Advanced Applications - 12th International
               Conference, {CARDIS} 2013, Berlin, Germany, November 27-29, 2013.
               Revised Selected Papers},
  series    = {Lecture Notes in Computer Science},
  volume    = {8419},
  publisher = {Springer},
  year      = {2014},
  url       = {https://doi.org/10.1007/978-3-319-08302-5},
  doi       = {10.1007/978-3-319-08302-5},
  isbn      = {978-3-319-08301-8},
  timestamp = {Tue, 14 May 2019 10:00:52 +0200},
  biburl    = {https://dblp.org/rec/bib/conf/cardis/2013},
  bibsource = {dblp computer science bibliography, https://dblp.org}
}
@proceedings{DBLP:conf/cardis/2012,
  editor    = {Stefan Mangard},
  title     = {Smart Card Research and Advanced Applications - 11th International
               Conference, {CARDIS} 2012, Graz, Austria, November 28-30, 2012, Revised
               Selected Papers},
  series    = {Lecture Notes in Computer Science},
  volume    = {7771},
  publisher = {Springer},
  year      = {2013},
  url       = {https://doi.org/10.1007/978-3-642-37288-9},
  doi       = {10.1007/978-3-642-37288-9},
  isbn      = {978-3-642-37287-2},
  timestamp = {Tue, 14 May 2019 10:00:52 +0200},
  biburl    = {https://dblp.org/rec/bib/conf/cardis/2012},
  bibsource = {dblp computer science bibliography, https://dblp.org}
}
@proceedings{DBLP:conf/asiacrypt/2012,
  editor    = {Xiaoyun Wang and
               Kazue Sako},
  title     = {Advances in Cryptology - {ASIACRYPT} 2012 - 18th International Conference
               on the Theory and Application of Cryptology and Information Security,
               Beijing, China, December 2-6, 2012. Proceedings},
  series    = {Lecture Notes in Computer Science},
  volume    = {7658},
  publisher = {Springer},
  year      = {2012},
  url       = {https://doi.org/10.1007/978-3-642-34961-4},
  doi       = {10.1007/978-3-642-34961-4},
  isbn      = {978-3-642-34960-7},
  timestamp = {Wed, 14 Nov 2018 10:56:01 +0100},
  biburl    = {https://dblp.org/rec/bib/conf/asiacrypt/2012},
  bibsource = {dblp computer science bibliography, https://dblp.org}
}
@proceedings{DBLP:conf/eurocrypt/2011,
  editor    = {Kenneth G. Paterson},
  title     = {Advances in Cryptology - {EUROCRYPT} 2011 - 30th Annual International
               Conference on the Theory and Applications of Cryptographic Techniques,
               Tallinn, Estonia, May 15-19, 2011. Proceedings},
  series    = {Lecture Notes in Computer Science},
  volume    = {6632},
  publisher = {Springer},
  year      = {2011},
  url       = {https://doi.org/10.1007/978-3-642-20465-4},
  doi       = {10.1007/978-3-642-20465-4},
  isbn      = {978-3-642-20464-7},
  timestamp = {Wed, 14 Nov 2018 10:54:57 +0100},
  biburl    = {https://dblp.org/rec/bib/conf/eurocrypt/2011},
  bibsource = {dblp computer science bibliography, https://dblp.org}
}
@proceedings{DBLP:conf/ctrsa/2011,
  editor    = {Aggelos Kiayias},
  title     = {Topics in Cryptology - {CT-RSA} 2011 - The Cryptographers' Track at
               the {RSA} Conference 2011, San Francisco, CA, USA, February 14-18,
               2011. Proceedings},
  series    = {Lecture Notes in Computer Science},
  volume    = {6558},
  publisher = {Springer},
  year      = {2011},
  url       = {https://doi.org/10.1007/978-3-642-19074-2},
  doi       = {10.1007/978-3-642-19074-2},
  isbn      = {978-3-642-19073-5},
  timestamp = {Tue, 14 May 2019 10:00:52 +0200},
  biburl    = {https://dblp.org/rec/bib/conf/ctrsa/2011},
  bibsource = {dblp computer science bibliography, https://dblp.org}
}
@proceedings{DBLP:conf/eurocrypt/2009,
  editor    = {Antoine Joux},
  title     = {Advances in Cryptology - {EUROCRYPT} 2009, 28th Annual International
               Conference on the Theory and Applications of Cryptographic Techniques,
               Cologne, Germany, April 26-30, 2009. Proceedings},
  series    = {Lecture Notes in Computer Science},
  volume    = {5479},
  publisher = {Springer},
  year      = {2009},
  url       = {https://doi.org/10.1007/978-3-642-01001-9},
  doi       = {10.1007/978-3-642-01001-9},
  isbn      = {978-3-642-01000-2},
  timestamp = {Sat, 24 Nov 2018 11:59:26 +0100},
  biburl    = {https://dblp.org/rec/bib/conf/eurocrypt/2009},
  bibsource = {dblp computer science bibliography, https://dblp.org}
}
@proceedings{DBLP:conf/ches/2009,
  editor    = {Christophe Clavier and
               Kris Gaj},
  title     = {Cryptographic Hardware and Embedded Systems - {CHES} 2009, 11th International
               Workshop, Lausanne, Switzerland, September 6-9, 2009, Proceedings},
  series    = {Lecture Notes in Computer Science},
  volume    = {5747},
  publisher = {Springer},
  year      = {2009},
  url       = {https://doi.org/10.1007/978-3-642-04138-9},
  doi       = {10.1007/978-3-642-04138-9},
  isbn      = {978-3-642-04137-2},
  timestamp = {Tue, 14 May 2019 10:00:47 +0200},
  biburl    = {https://dblp.org/rec/bib/conf/ches/2009},
  bibsource = {dblp computer science bibliography, https://dblp.org}
}
@proceedings{DBLP:conf/ches/2008,
  editor    = {Elisabeth Oswald and
               Pankaj Rohatgi},
  title     = {Cryptographic Hardware and Embedded Systems - {CHES} 2008, 10th International
               Workshop, Washington, D.C., USA, August 10-13, 2008. Proceedings},
  series    = {Lecture Notes in Computer Science},
  volume    = {5154},
  publisher = {Springer},
  year      = {2008},
  url       = {https://doi.org/10.1007/978-3-540-85053-3},
  doi       = {10.1007/978-3-540-85053-3},
  isbn      = {978-3-540-85052-6},
  timestamp = {Tue, 14 May 2019 10:00:47 +0200},
  biburl    = {https://dblp.org/rec/bib/conf/ches/2008},
  bibsource = {dblp computer science bibliography, https://dblp.org}
}
@proceedings{DBLP:conf/iscas/2007,
  title     = {International Symposium on Circuits and Systems {(ISCAS} 2007), 27-20
               May 2007, New Orleans, Louisiana, {USA}},
  publisher = {{IEEE}},
  year      = {2007},
  url       = {http://ieeexplore.ieee.org/xpl/mostRecentIssue.jsp?punumber=4252534},
  isbn      = {1-4244-0920-9},
  timestamp = {Fri, 20 May 2016 09:41:11 +0200},
  biburl    = {https://dblp.org/rec/bib/conf/iscas/2007},
  bibsource = {dblp computer science bibliography, https://dblp.org}
}
@proceedings{DBLP:conf/ches/2005,
  editor    = {Josyula R. Rao and
               Berk Sunar},
  title     = {Cryptographic Hardware and Embedded Systems - {CHES} 2005, 7th International
               Workshop, Edinburgh, UK, August 29 - September 1, 2005, Proceedings},
  series    = {Lecture Notes in Computer Science},
  volume    = {3659},
  publisher = {Springer},
  year      = {2005},
  url       = {https://doi.org/10.1007/11545262},
  doi       = {10.1007/11545262},
  isbn      = {3-540-28474-5},
  timestamp = {Tue, 14 May 2019 10:00:47 +0200},
  biburl    = {https://dblp.org/rec/bib/conf/ches/2005},
  bibsource = {dblp computer science bibliography, https://dblp.org}
}
@proceedings{DBLP:conf/ches/2004,
  editor    = {Marc Joye and
               Jean{-}Jacques Quisquater},
  title     = {Cryptographic Hardware and Embedded Systems - {CHES} 2004: 6th International
               Workshop Cambridge, MA, USA, August 11-13, 2004. Proceedings},
  series    = {Lecture Notes in Computer Science},
  volume    = {3156},
  publisher = {Springer},
  year      = {2004},
  url       = {https://doi.org/10.1007/b99451},
  doi       = {10.1007/b99451},
  isbn      = {3-540-22666-4},
  timestamp = {Tue, 30 May 2017 12:57:44 +0200},
  biburl    = {https://dblp.org/rec/bib/conf/ches/2004},
  bibsource = {dblp computer science bibliography, https://dblp.org}
}
@proceedings{DBLP:conf/eurocrypt/2002,
  editor    = {Lars R. Knudsen},
  title     = {Advances in Cryptology - {EUROCRYPT} 2002, International Conference
               on the Theory and Applications of Cryptographic Techniques, Amsterdam,
               The Netherlands, April 28 - May 2, 2002, Proceedings},
  series    = {Lecture Notes in Computer Science},
  volume    = {2332},
  publisher = {Springer},
  year      = {2002},
  url       = {https://doi.org/10.1007/3-540-46035-7},
  doi       = {10.1007/3-540-46035-7},
  isbn      = {3-540-43553-0},
  timestamp = {Tue, 14 May 2019 10:00:53 +0200},
  biburl    = {https://dblp.org/rec/bib/conf/eurocrypt/2002},
  bibsource = {dblp computer science bibliography, https://dblp.org}
}
@proceedings{DBLP:conf/ches/2002,
  editor    = {Burton S. Kaliski Jr. and
               {\c{C}}etin Kaya Ko{\c{c}} and
               Christof Paar},
  title     = {Cryptographic Hardware and Embedded Systems - {CHES} 2002, 4th International
               Workshop, Redwood Shores, CA, USA, August 13-15, 2002, Revised Papers},
  series    = {Lecture Notes in Computer Science},
  volume    = {2523},
  publisher = {Springer},
  year      = {2003},
  url       = {https://doi.org/10.1007/3-540-36400-5},
  doi       = {10.1007/3-540-36400-5},
  isbn      = {3-540-00409-2},
  timestamp = {Mon, 29 May 2017 16:53:44 +0200},
  biburl    = {https://dblp.org/rec/bib/conf/ches/2002},
  bibsource = {dblp computer science bibliography, https://dblp.org}
}
@proceedings{DBLP:conf/crypto/1999,
  editor    = {Michael J. Wiener},
  title     = {Advances in Cryptology - {CRYPTO} '99, 19th Annual International Cryptology
               Conference, Santa Barbara, California, USA, August 15-19, 1999, Proceedings},
  series    = {Lecture Notes in Computer Science},
  volume    = {1666},
  publisher = {Springer},
  year      = {1999},
  url       = {https://doi.org/10.1007/3-540-48405-1},
  doi       = {10.1007/3-540-48405-1},
  isbn      = {3-540-66347-9},
  timestamp = {Wed, 14 Nov 2018 10:51:40 +0100},
  biburl    = {https://dblp.org/rec/bib/conf/crypto/1999},
  bibsource = {dblp computer science bibliography, https://dblp.org}
}
%%%%%%%%%%%%%%%%%%%%%%%%%%%%%%%%%%%%%%%%%%%%%%%%%%%%%%%%%%%%%%%%%%%%%%%%%%%%%%%%
                              ARTICLES
%%%%%%%%%%%%%%%%%%%%%%%%%%%%%%%%%%%%%%%%%%%%%%%%%%%%%%%%%%%%%%%%%%%%%%%%%%%%%%%%
@Article{kloss_proba_1959,
  author    = {B.~M.~Kloss},
  title     = {Probability Distributions on Bicompact Topological Groups},
  journal   = {Teor. Veroyatnost. i Primenen.},
  year      = {1959},
  volume    = {4},
  number    = {3},
  pages     = {255--290},
  url       = {http://mi.mathnet.ru/tvp4889},
  crossref  = {kloss_translat}
}
@Article{kloss_translat,
  author    = {B.~M.~Kloss},
  journal   = {Theory Probab. Appl.},
  volume    = {4},
  number    = {3},
  pages     = {237--270},
  doi       = {10.1137/1104026},
  url       = {https://doi.org/10.1137/1104026}
}
@article{aldous_shuffling_1986,
  author    = {David Aldous and Persi Diaconis},
  title     = {Shuffling Cards and Stopping Times},
  journal   = {The American Mathematical Monthly},
  volume    = {93},
  number    = {5},
  pages     = {333-348},
  year      = {1986},
  publisher = {Taylor & Francis},
  doi       = {10.1080/00029890.1986.11971821},
  URL       = {https://doi.org/10.1080/00029890.1986.11971821},
  eprint    = {https://doi.org/10.1080/00029890.1986.11971821}
}
@article{duc_unifying_2019,
  author    = {Alexandre Duc and
               Stefan Dziembowski and
               Sebastian Faust},
  title     = {Unifying Leakage Models: From Probing Attacks to Noisy Leakage},
  journal   = {J. Cryptology},
  volume    = {32},
  number    = {1},
  pages     = {151--177},
  year      = {2019},
  url       = {https://doi.org/10.1007/s00145-018-9284-1},
  doi       = {10.1007/s00145-018-9284-1},
  timestamp = {Sat, 19 Oct 2019 19:23:03 +0200},
  biburl    = {https://dblp.org/rec/journals/joc/DucDF19.bib},
  bibsource = {dblp computer science bibliography, https://dblp.org}
}
@article{duc_making_2019,
  author    = {Alexandre Duc and
               Sebastian Faust and
               Fran{\c{c}}ois{-}Xavier Standaert},
  title     = {Making Masking Security Proofs Concrete (Or How to Evaluate the Security
               of Any Leaking Device), Extended Version},
  journal   = {J. Cryptology},
  volume    = {32},
  number    = {4},
  pages     = {1263--1297},
  year      = {2019},
  url       = {https://doi.org/10.1007/s00145-018-9277-0},
  doi       = {10.1007/s00145-018-9277-0},
  timestamp = {Wed, 02 Oct 2019 14:38:39 +0200},
  biburl    = {https://dblp.org/rec/journals/joc/DucFS19.bib},
  bibsource = {dblp computer science bibliography, https://dblp.org}
}
@article{goldwasser_howto_2015,
  author    = {Shafi Goldwasser and
               Guy N. Rothblum},
  title     = {How to Compute in the Presence of Leakage},
  journal   = {{SIAM} J. Comput.},
  volume    = {44},
  number    = {5},
  pages     = {1480--1549},
  year      = {2015},
  url       = {https://doi.org/10.1137/130931461},
  doi       = {10.1137/130931461},
  timestamp = {Sat, 27 May 2017 14:22:58 +0200},
  biburl    = {https://dblp.org/rec/journals/siamcomp/GoldwasserR15.bib},
  bibsource = {dblp computer science bibliography, https://dblp.org}
}
@article{kopf_automatically_2011,
  author    = {Boris K{\"{o}}pf and
               David A. Basin},
  title     = {Automatically deriving information-theoretic bounds for adaptive side-channel
               attacks},
  journal   = {J. Comput. Secur.},
  volume    = {19},
  number    = {1},
  pages     = {1--31},
  year      = {2011},
  url       = {https://doi.org/10.3233/JCS-2009-0397},
  doi       = {10.3233/JCS-2009-0397},
  timestamp = {Mon, 11 May 2020 22:59:05 +0200},
  biburl    = {https://dblp.org/rec/journals/jcs/KopfB11.bib},
  bibsource = {dblp computer science bibliography, https://dblp.org}
}
@article{gohr_efficient_2020,
  author    = {Aron Gohr and
               Sven Jacob and
               Werner Schindler},
  title     = {Efficient Solutions of the {CHES} 2018 {AES} Challenge Using Deep
               Residual Neural Networks and Knowledge Distillation on Adversarial
               Examples},
  journal   = {{IACR} Cryptol. ePrint Arch.},
  volume    = {2020},
  pages     = {165},
  year      = {2020},
  url       = {https://eprint.iacr.org/2020/165},
  timestamp = {Mon, 11 May 2020 16:00:00 +0200},
  biburl    = {https://dblp.org/rec/journals/iacr/GohrJS20.bib},
  bibsource = {dblp computer science bibliography, https://dblp.org}
}
@article{gohr_ches_2019,
  author    = {Aron Gohr and
               Sven Jacob and
               Werner Schindler},
  title     = {{CHES} 2018 Side Channel Contest {CTF} - Solution of the {AES} Challenges},
  journal   = {{IACR} Cryptol. ePrint Arch.},
  volume    = {2019},
  pages     = {94},
  year      = {2019},
  url       = {https://eprint.iacr.org/2019/094},
  timestamp = {Mon, 11 May 2020 15:56:39 +0200},
  biburl    = {https://dblp.org/rec/journals/iacr/GohrJS19.bib},
  bibsource = {dblp computer science bibliography, https://dblp.org}
}
@article{hu_machine_2019,
  author    = {Yongbo Hu and
               Yeyang Zheng and
               Pengwei Feng and
               Lirui Liu and
               Chen Zhang and
               Aron Gohr and
               Sven Jacob and
               Werner Schindler and
               Ileana Buhan and
               Karim Tobich},
  title     = {Machine learning and side channel analysis in a {CTF} competition},
  journal   = {{IACR} Cryptol. ePrint Arch.},
  volume    = {2019},
  pages     = {860},
  year      = {2019},
  url       = {https://eprint.iacr.org/2019/860},
  timestamp = {Mon, 11 May 2020 15:59:20 +0200},
  biburl    = {https://dblp.org/rec/journals/iacr/HuZFLZGJSBT19.bib},
  bibsource = {dblp computer science bibliography, https://dblp.org}
}
@article{doget_univariate_2011,
  author    = {Julien Doget and
               Emmanuel Prouff and
               Matthieu Rivain and
               Fran{\c{c}}ois{-}Xavier Standaert},
  title     = {Univariate side channel attacks and leakage modeling},
  journal   = {J. Cryptographic Engineering},
  volume    = {1},
  number    = {2},
  pages     = {123--144},
  year      = {2011},
  url       = {https://doi.org/10.1007/s13389-011-0010-2},
  doi       = {10.1007/s13389-011-0010-2},
  timestamp = {Fri, 30 Nov 2018 13:29:12 +0100},
  biburl    = {https://dblp.org/rec/journals/jce/DogetPRS11.bib},
  bibsource = {dblp computer science bibliography, https://dblp.org}
}
@article{prouff_statistical_2009,
  author    = {Emmanuel Prouff and
               Matthieu Rivain and
               R{\'{e}}gis Bevan},
  title     = {Statistical Analysis of Second Order Differential Power Analysis},
  journal   = {{IEEE} Trans. Computers},
  volume    = {58},
  number    = {6},
  pages     = {799--811},
  year      = {2009},
  url       = {https://doi.org/10.1109/TC.2009.15},
  doi       = {10.1109/TC.2009.15},
  timestamp = {Sat, 20 May 2017 00:24:25 +0200},
  biburl    = {https://dblp.org/rec/bib/journals/tc/ProuffRB09},
  bibsource = {dblp computer science bibliography, https://dblp.org}
}
@article{picek_template_2017,
  author    = {Stjepan Picek and
               Annelie Heuser and
               Sylvain Guilley},
  title     = {Template attack versus Bayes classifier},
  journal   = {J. Cryptographic Engineering},
  volume    = {7},
  number    = {4},
  pages     = {343--351},
  year      = {2017},
  url       = {https://doi.org/10.1007/s13389-017-0172-7},
  doi       = {10.1007/s13389-017-0172-7},
  timestamp = {Thu, 12 Oct 2017 12:23:53 +0200},
  biburl    = {https://dblp.org/rec/journals/jce/PicekHG17.bib},
  bibsource = {dblp computer science bibliography, https://dblp.org}
}
@article{diffie_new_1976,
  author    = {Whitfield Diffie and
               Martin E. Hellman},
  title     = {New directions in cryptography},
  journal   = {{IEEE} Trans. Inf. Theory},
  volume    = {22},
  number    = {6},
  pages     = {644--654},
  year      = {1976},
  url       = {https://doi.org/10.1109/TIT.1976.1055638},
  doi       = {10.1109/TIT.1976.1055638},
  timestamp = {Tue, 10 Mar 2020 10:46:44 +0100},
  biburl    = {https://dblp.org/rec/journals/tit/DiffieH76.bib},
  bibsource = {dblp computer science bibliography, https://dblp.org}
}
@article{rsa_1978,
  author    = {Ronald L. Rivest and
               Adi Shamir and
               Leonard M. Adleman},
  title     = {A Method for Obtaining Digital Signatures and Public-Key Crypto-systems},
  journal   = {Commun. {ACM}},
  volume    = {21},
  number    = {2},
  pages     = {120--126},
  year      = {1978},
  url       = {http://doi.acm.org/10.1145/359340.359342},
  doi       = {10.1145/359340.359342},
  timestamp = {Wed, 14 Nov 2018 10:22:34 +0100},
  biburl    = {https://dblp.org/rec/journals/cacm/RivestSA78.bib},
  bibsource = {dblp computer science bibliography, https://dblp.org}
}
@article{genkin_get_2015,
  author    = {Daniel Genkin and
               Itamar Pipman and
               Eran Tromer},
  title     = {Get your hands off my laptop: physical side-channel key-extraction
               attacks on PCs - Extended version},
  journal   = {J. Cryptographic Engineering},
  volume    = {5},
  number    = {2},
  pages     = {95--112},
  year      = {2015},
  url       = {https://doi.org/10.1007/s13389-015-0100-7},
  doi       = {10.1007/s13389-015-0100-7},
  timestamp = {Sun, 02 Jun 2019 21:08:35 +0200},
  biburl    = {https://dblp.org/rec/journals/jce/GenkinPT15.bib},
  bibsource = {dblp computer science bibliography, https://dblp.org}
}
@article{belleville_automated_2019,
  author    = {Belleville, Nicolas and Courouss\'{e}, Damien and Heydemann, Karine and Charles, Henri-Pierre},
  title     = {Automated Software Protection for the Masses Against Side-Channel Attacks},
  year      = {2018},
  issue_date = {January 2019},
  publisher = {Association for Computing Machinery},
  address   = {New York, NY, USA},
  volume    = {15},
  number    = {4},
  issn      = {1544-3566},
  url       = {https://doi.org/10.1145/3281662},
  doi       = {10.1145/3281662},
  journal   = {ACM Trans. Archit. Code Optim.},
  month     = nov,
  articleno = {47},
  numpages  = {27}
}
@article{agosta_meet_2015,
  author    = {Giovanni Agosta and
               Alessandro Barenghi and
               Gerardo Pelosi and
               Michele Scandale},
  title     = {The {MEET} Approach: Securing Cryptographic Embedded Software Against
               Side Channel Attacks},
  journal   = {{IEEE} Trans. on {CAD} of Integrated Circuits and Systems},
  volume    = {34},
  number    = {8},
  pages     = {1320--1333},
  year      = {2015},
  url       = {https://doi.org/10.1109/TCAD.2015.2430320},
  doi       = {10.1109/TCAD.2015.2430320},
  timestamp = {Wed, 14 Nov 2018 10:49:16 +0100},
  biburl    = {https://dblp.org/rec/journals/tcad/AgostaBPS15.bib},
  bibsource = {dblp computer science bibliography, https://dblp.org}
}
@article{shamir_how_1979,
  author    = {Adi Shamir},
  title     = {How to Share a Secret},
  journal   = {Commun. {ACM}},
  volume    = {22},
  number    = {11},
  pages     = {612--613},
  year      = {1979},
  url       = {http://doi.acm.org/10.1145/359168.359176},
  doi       = {10.1145/359168.359176},
  timestamp = {Wed, 14 Nov 2018 10:22:34 +0100},
  biburl    = {https://dblp.org/rec/journals/cacm/Shamir79.bib},
  bibsource = {dblp computer science bibliography, https://dblp.org}
}
@article{prouff_study_2018,
  title = {Deep learning for side-channel analysis and introduction to {ASCAD} database},
  issn = {2190-8516},
  url = {https://doi.org/10.1007/s13389-019-00220-8},
  doi = {10.1007/s13389-019-00220-8},
  journal = {Journal of Cryptographic Engineering},
  author = {Benadjila, Ryad and Prouff, Emmanuel and Strullu, Rémi and Cagli, Eleonora and Dumas, Cécile},
  month = nov,
  year = {2019}
}
@article{picek_curse_2019, 
  title={The Curse of Class Imbalance and Conflicting Metrics with Machine Learning for Side-channel Evaluations}, 
  volume={2019}, 
  url={https://tches.iacr.org/index.php/TCHES/article/view/7339}, 
  DOI={10.13154/tches.v2019.i1.209-237}, 
  number={1}, 
  journal={IACR Transactions on Cryptographic Hardware and Embedded Systems}, 
  author={Picek, Stjepan and Heuser, Annelie and Jovic, Alan and Bhasin, Shivam and Regazzoni, Francesco}, 
  year={2018}, 
  month={Nov}, 
  pages={209-237} 
}
@article{renaudin_asynchronous_2000,
  title = "Asynchronous circuits and systems : a promising design alternative",
  journal = "Microelectronic Engineering",
  volume = "54",
  number = "1",
  pages = "133 - 149",
  year = "2000",
  issn = "0167-9317",
  doi = "https://doi.org/10.1016/S0167-9317(00)80065-9",
  url = "http://www.sciencedirect.com/science/article/pii/S0167931700800659",
  author = "M Renaudin"
}
@article{picek_profiling_2019,
  author    = {Stjepan Picek and
               Annelie Heuser and
               Sylvain Guilley},
  title     = {Profiling Side-channel Analysis in the Restricted Attacker Framework},
  journal   = {{IACR} Cryptology ePrint Archive},
  volume    = {2019},
  pages     = {168},
  year      = {2019},
  url       = {https://eprint.iacr.org/2019/168},
  timestamp = {Wed, 20 Mar 2019 15:35:16 +0100},
  biburl    = {https://dblp.org/rec/bib/journals/iacr/PicekHG19},
  bibsource = {dblp computer science bibliography, https://dblp.org}
}
@article{destouet_wavelet_2020,
  author    = {Gabriel Destouet and
               C{\'{e}}cile Dumas and
               Anne Frassati and
               Val{\'{e}}rie Perrier},
  title     = {Wavelet Scattering Transform and Ensemble Methods for Side-Channel
               Analysis},
  journal   = {{IACR} Cryptol. ePrint Arch.},
  volume    = {2020},
  pages     = {310},
  year      = {2020},
  url       = {https://eprint.iacr.org/2020/310},
  timestamp = {Mon, 11 May 2020 15:59:54 +0200},
  biburl    = {https://dblp.org/rec/journals/iacr/DestouetDFP20.bib},
  bibsource = {dblp computer science bibliography, https://dblp.org}
}
@article{eisenbarth_building_2010,
  author    = {Thomas Eisenbarth and
               Christof Paar and
               Bj{\"{o}}rn Weghenkel},
  title     = {Building a Side Channel Based Disassembler},
  journal   = {Trans. Comput. Sci.},
  volume    = {10},
  pages     = {78--99},
  year      = {2010},
  url       = {https://doi.org/10.1007/978-3-642-17499-5\_4},
  doi       = {10.1007/978-3-642-17499-5\_4},
  timestamp = {Fri, 06 Mar 2020 21:59:04 +0100},
  biburl    = {https://dblp.org/rec/journals/tcos/EisenbarthPW10.bib},
  bibsource = {dblp computer science bibliography, https://dblp.org}
}
@article{coron_high_order_2018,
  title={High Order Masking of Look-up Tables with Common Shares}, 
  volume={2018}, 
  url={https://tches.iacr.org/index.php/TCHES/article/view/832}, 
  DOI={10.13154/tches.v2018.i1.40-72}, 
  number={1}, 
  journal={IACR Transactions on Cryptographic Hardware and Embedded Systems}, 
  author={Coron, Jean-Sébastien and Rondepierre, Franck and Zeitoun, Rina}, 
  year={2018}, 
  month={Feb}, 
  pages={40-72} 
}
@article{wang_efficient_2020, 
  title={Efficient and Private Computations with Code-Based Masking}, 
  volume={2020}, 
  url={https://tches.iacr.org/index.php/TCHES/article/view/8547}, 
  DOI={10.13154/tches.v2020.i2.128-171}, 
  number={2}, 
  journal={IACR Transactions on Cryptographic Hardware and Embedded Systems}, 
  author={Wang, Weijia and Méaux, Pierrick and Cassiers, Gaëtan and Standaert, François-Xavier}, 
  year={2020}, 
  month={Mar}, 
  pages={128-171}
}
@article{guilley_optimizing_2020,
  author    = {Wei Cheng and
               Sylvain Guilley and
               Claude Carlet and
               Sihem Mesnager and
               Jean{-}Luc Danger},
  title     = {Optimizing Inner Product Masking Scheme by a Coding Theory Approach},
  journal   = {{IEEE} Trans. Inf. Forensics Secur.},
  volume    = {16},
  pages     = {220--235},
  year      = {2021},
  url       = {https://doi.org/10.1109/TIFS.2020.3009609},
  doi       = {10.1109/TIFS.2020.3009609},
  timestamp = {Fri, 07 Aug 2020 17:57:37 +0200},
  biburl    = {https://dblp.org/rec/journals/tifs/ChengGCMD21.bib},
  bibsource = {dblp computer science bibliography, https://dblp.org}
}
@article{masure_comprehensive_2019, 
  title={A Comprehensive Study of Deep Learning for Side-Channel Analysis},
  volume={2020}, 
  url={https://tches.iacr.org/index.php/TCHES/article/view/8402}, 
  DOI={10.13154/tches.v2020.i1.348-375}, 
  number={1}, 
  journal={IACR Transactions on Cryptographic Hardware and Embedded Systems}, 
  author={Masure, Loïc and Dumas, Cécile and Prouff, Emmanuel}, 
  year={2019}, 
  month={Nov}, 
  pages={348-375}
}
@article{batina_mutual_2011,
  author    = {Lejla Batina and
               Benedikt Gierlichs and
               Emmanuel Prouff and
               Matthieu Rivain and
               Fran{\c{c}}ois{-}Xavier Standaert and
               Nicolas Veyrat{-}Charvillon},
  title     = {Mutual Information Analysis: a Comprehensive Study},
  journal   = {J. Cryptology},
  volume    = {24},
  number    = {2},
  pages     = {269--291},
  year      = {2011},
  url       = {https://doi.org/10.1007/s00145-010-9084-8},
  doi       = {10.1007/s00145-010-9084-8},
  timestamp = {Fri, 30 Nov 2018 13:25:01 +0100},
  biburl    = {https://dblp.org/rec/bib/journals/joc/BatinaGPRSV11},
  bibsource = {dblp computer science bibliography, https://dblp.org}
}
@article{carbone_deep_2019, 
  title={Deep Learning to Evaluate Secure RSA Implementations}, 
  volume={2019}, 
  url={https://tches.iacr.org/index.php/TCHES/article/view/7388}, 
  DOI={10.13154/tches.v2019.i2.132-161},
  number={2}, 
  journal={IACR Transactions on Cryptographic Hardware and Embedded Systems}, 
  author={Carbone, Mathieu and Conin, Vincent and Cornélie, Marie-Angela and Dassance, François and Dufresne, Guillaume and Dumas, Cécile and Prouff, Emmanuel and Venelli, Alexandre}, 
  year={2019}, 
  month={Feb}, 
  pages={132-161}
}
@article{kim_make_2019, 
	title={Make Some Noise. Unleashing the Power of Convolutional Neural Networks for Profiled Side-channel Analysis}, 
	volume={2019}, 
	url={https://tches.iacr.org/index.php/TCHES/article/view/8292}, 
	DOI={10.13154/tches.v2019.i3.148-179}, 
	number={3}, 
	journal={IACR Transactions on Cryptographic Hardware and Embedded Systems}, 
	author={Kim, Jaehun and Picek, Stjepan and Heuser, Annelie and Bhasin, Shivam and Hanjalic, Alan}, 
	year={2019}, 
	month={May}, 
	pages={148-179} 
}
@article{robissout_online_2020,
  author    = {Damien Robissout and
               Gabriel Zaid and
               Brice Colombier and
               Lilian Bossuet and
               Amaury Habrard},
  title     = {Online Performance Evaluation of Deep Learning Networks for Side-Channel
               Analysis},
  journal   = {{IACR} Cryptol. ePrint Arch.},
  volume    = {2020},
  pages     = {39},
  year      = {2020},
  url       = {https://eprint.iacr.org/2020/039},
  timestamp = {Mon, 11 May 2020 15:59:13 +0200},
  biburl    = {https://dblp.org/rec/journals/iacr/RobissoutZCBH20.bib},
  bibsource = {dblp computer science bibliography, https://dblp.org}
}
@article{ramezanpour_scaul_2020,
  author    = {Keyvan Ramezanpour and
               Paul Ampadu and
               William Diehl},
  title     = {{SCAUL:} Power Side-Channel Analysis with Unsupervised Learning},
  journal   = {CoRR},
  volume    = {abs/2001.05951},
  year      = {2020},
  url       = {https://arxiv.org/abs/2001.05951},
  archivePrefix = {arXiv},
  eprint    = {2001.05951},
  timestamp = {Fri, 17 Jan 2020 14:07:30 +0100},
  biburl    = {https://dblp.org/rec/journals/corr/abs-2001-05951.bib},
  bibsource = {dblp computer science bibliography, https://dblp.org}
}
@article{timon_non-profiled_2019, 
  title={Non-Profiled Deep Learning-based Side-Channel attacks with Sensitivity Analysis}, 
  volume={2019}, 
  url={https://tches.iacr.org/index.php/TCHES/article/view/7387}, 
  DOI={10.13154/tches.v2019.i2.107-131},
  number={2}, 
  journal={IACR Transactions on Cryptographic Hardware and Embedded Systems}, 
  author={Timon, Benjamin}, 
  year={2019}, 
  month={Feb}, 
  pages={107-131}
}
@article{zaid_methodology_2019, 
	title={Methodology for Efficient CNN Architectures in Profiling Attacks}, 
	volume={2020}, 
	url={https://tches.iacr.org/index.php/TCHES/article/view/8391}, 
	DOI={10.13154/tches.v2020.i1.1-36}, 
	number={1}, 
	journal={IACR Transactions on Cryptographic Hardware and Embedded Systems}, 
	author={Zaid, Gabriel and Bossuet, Lilian and Habrard, Amaury and Venelli, Alexandre}, 
	year={2019}, 
	month={Nov}, 
	pages={1-36}
}
@article{maghrebi_deep_2019,
  author    = {Houssem Maghrebi},
  title     = {Deep Learning based Side Channel Attacks in Practice},
  journal   = {{IACR} Cryptology ePrint Archive},
  volume    = {2019},
  pages     = {578},
  year      = {2019},
  url       = {https://eprint.iacr.org/2019/578},
  timestamp = {Fri, 07 Jun 2019 09:03:47 +0200},
  biburl    = {https://dblp.org/rec/bib/journals/iacr/Maghrebi19},
  bibsource = {dblp computer science bibliography, https://dblp.org}
}
@article{zhou_deep_2019,
	title = {Deep learning mitigates but does not annihilate the need of aligned traces and a generalized {ResNet} model for side-channel attacks},
	issn = {2190-8516},
	url = {https://doi.org/10.1007/s13389-019-00209-3},
	doi = {10.1007/s13389-019-00209-3},
	journal = {Journal of Cryptographic Engineering},
	author = {Zhou, Yuanyuan and Standaert, François-Xavier},
	month = apr,
	year = {2019}
}
@article{wu_remove_2019,
  author    = {Lichao Wu and
               Stjepan Picek},
  title     = {Remove Some Noise: On Pre-processing of Side-channel Measurements
               with Autoencoders},
  journal   = {{IACR} Cryptol. ePrint Arch.},
  volume    = {2019},
  pages     = {1474},
  year      = {2019},
  url       = {https://eprint.iacr.org/2019/1474},
  timestamp = {Mon, 11 May 2020 15:55:43 +0200},
  biburl    = {https://dblp.org/rec/journals/iacr/WuP19.bib},
  bibsource = {dblp computer science bibliography, https://dblp.org}
}
@article{jing_self_2019,
  author    = {Longlong Jing and
               Yingli Tian},
  title     = {Self-supervised Visual Feature Learning with Deep Neural Networks:
               {A} Survey},
  journal   = {CoRR},
  volume    = {abs/1902.06162},
  year      = {2019},
  url       = {http://arxiv.org/abs/1902.06162},
  archivePrefix = {arXiv},
  eprint    = {1902.06162},
  timestamp = {Tue, 21 May 2019 18:03:38 +0200},
  biburl    = {https://dblp.org/rec/journals/corr/abs-1902-06162.bib},
  bibsource = {dblp computer science bibliography, https://dblp.org}
}
@article{vanDerValk_kilroy_2019,
  author    = {Daan van der Valk and
               Stjepan Picek and
               Shivam Bhasin},
  title     = {Kilroy was here: The First Step Towards Explainability of Neural Networks
               in Profiled Side-channel Analysis},
  journal   = {{IACR} Cryptol. ePrint Arch.},
  volume    = {2019},
  pages     = {1477},
  year      = {2019},
  url       = {https://eprint.iacr.org/2019/1477},
  timestamp = {Mon, 11 May 2020 15:54:04 +0200},
  biburl    = {https://dblp.org/rec/journals/iacr/ValkPB19.bib},
  bibsource = {dblp computer science bibliography, https://dblp.org}
}
@article{hohman_visual_2019,
  author    = {Fred Hohman and
               Minsuk Kahng and
               Robert Pienta and
               Duen Horng Chau},
  title     = {Visual Analytics in Deep Learning: An Interrogative Survey for the
               Next Frontiers},
  journal   = {{IEEE} Trans. Vis. Comput. Graph.},
  volume    = {25},
  number    = {8},
  pages     = {2674--2693},
  year      = {2019},
  url       = {https://doi.org/10.1109/TVCG.2018.2843369},
  doi       = {10.1109/TVCG.2018.2843369},
  timestamp = {Sat, 30 May 2020 19:47:48 +0200},
  biburl    = {https://dblp.org/rec/journals/tvcg/HohmanKPC19.bib},
  bibsource = {dblp computer science bibliography, https://dblp.org}
}
@article{garcia_task_2018,
  author    = {Rafael Garcia and
               Alexandru C. Telea and
               Bruno Castro da Silva and
               Jim T{\o}rresen and
               Jo{\~{a}}o Luiz Dihl Comba},
  title     = {A task-and-technique centered survey on visual analytics for deep
               learning model engineering},
  journal   = {Comput. Graph.},
  volume    = {77},
  pages     = {30--49},
  year      = {2018},
  url       = {https://doi.org/10.1016/j.cag.2018.09.018},
  doi       = {10.1016/j.cag.2018.09.018},
  timestamp = {Wed, 19 Feb 2020 16:36:45 +0100},
  biburl    = {https://dblp.org/rec/journals/cg/GarciaTSTC18.bib},
  bibsource = {dblp computer science bibliography, https://dblp.org}
}
@article{perin_learning_2020,
  author    = {Guilherme Perin and
               Ileana Buhan and
               Stjepan Picek},
  title     = {Learning when to stop: a mutual information approach to fight overfitting
               in profiled side-channel analysis},
  journal   = {{IACR} Cryptol. ePrint Arch.},
  volume    = {2020},
  pages     = {58},
  year      = {2020},
  url       = {https://eprint.iacr.org/2020/058},
  timestamp = {Mon, 11 May 2020 15:58:09 +0200},
  biburl    = {https://dblp.org/rec/journals/iacr/PerinBP20.bib},
  bibsource = {dblp computer science bibliography, https://dblp.org}
}
@article{green_not_2019,
  author    = {Joey Green and
               Tilo Burghardt and
               Elisabeth Oswald},
  title     = {Not a Free Lunch but a Cheap Lunch: Experimental Results for Training
               Many Neural Nets},
  journal   = {{IACR} Cryptology ePrint Archive},
  volume    = {2019},
  pages     = {1068},
  year      = {2019},
  url       = {https://eprint.iacr.org/2019/1068},
  timestamp = {Mon, 21 Oct 2019 11:48:44 +0200},
  biburl    = {https://dblp.org/rec/bib/journals/iacr/GreenBO19},
  bibsource = {dblp computer science bibliography, https://dblp.org}
}
@article{vapnik_overview_1999,
  author    = {Vladimir Vapnik},
  title     = {An overview of statistical learning theory},
  journal   = {{IEEE} Trans. Neural Networks},
  volume    = {10},
  number    = {5},
  pages     = {988--999},
  year      = {1999},
  url       = {https://doi.org/10.1109/72.788640},
  doi       = {10.1109/72.788640},
  timestamp = {Wed, 14 Nov 2018 10:32:29 +0100},
  biburl    = {https://dblp.org/rec/bib/journals/tnn/Vapnik99},
  bibsource = {dblp computer science bibliography, https://dblp.org}
}
@article{lecun_deep_2015,
  author    = {Yann LeCun and
               Yoshua Bengio and
               Geoffrey E. Hinton},
  title     = {Deep learning},
  journal   = {Nature},
  volume    = {521},
  number    = {7553},
  pages     = {436--444},
  year      = {2015},
  url       = {https://doi.org/10.1038/nature14539},
  doi       = {10.1038/nature14539},
  timestamp = {Wed, 14 Nov 2018 10:30:42 +0100},
  biburl    = {https://dblp.org/rec/bib/journals/nature/LeCunBH15},
  bibsource = {dblp computer science bibliography, https://dblp.org}
}
@article{hettwer_applications_2020,
  author    = {Benjamin Hettwer and
               Stefan Gehrer and
               Tim G{\"{u}}neysu},
  title     = {Applications of machine learning techniques in side-channel attacks:
               a survey},
  journal   = {J. Cryptogr. Eng.},
  volume    = {10},
  number    = {2},
  pages     = {135--162},
  year      = {2020},
  url       = {https://doi.org/10.1007/s13389-019-00212-8},
  doi       = {10.1007/s13389-019-00212-8},
  timestamp = {Thu, 09 Jul 2020 23:00:29 +0200},
  biburl    = {https://dblp.org/rec/journals/jce/HettwerGG20.bib},
  bibsource = {dblp computer science bibliography, https://dblp.org}
}
@article{pinkus_approximation_1999,
	title = {Approximation theory of the {MLP} model in neural networks},
	volume = {8},
	issn = {1474-0508, 0962-4929},
	url = {https://www.cambridge.org/core/journals/acta-numerica/article/div-classtitleapproximation-theory-of-the-mlp-model-in-neural-networksdiv/18072C558C8410C4F92A82BCC8FC8CF9},
	doi = {10.1017/S0962492900002919},
	pages = {143--195},
	journal = {Acta Numerica},
	author = {Pinkus, Allan},
	urldate = {2019-03-13},
	year = {1999}
}
@article{petrushev_approximation_1998,
	title = {Approximation by Ridge Functions and Neural Networks},
	volume = {30},
	issn = {0036-1410},
	url = {https://epubs.siam.org/doi/abs/10.1137/S0036141097322959},
	doi = {10.1137/S0036141097322959},
	pages = {155--189},
	number = {1},
	journal = {{SIAM} Journal on Mathematical Analysis},
	shortjournal = {{SIAM} J. Math. Anal.},
	author = {Petrushev, P.},
	urldate = {2019-04-02},
	year = {1998}
}
@article{maghrebi_deep_2020,
  author    = {Houssem Maghrebi},
  title     = {Deep Learning based Side-Channel Attack: a New Profiling Methodology
               based on Multi-Label Classification},
  journal   = {{IACR} Cryptol. ePrint Arch.},
  volume    = {2020},
  pages     = {436},
  year      = {2020},
  url       = {https://eprint.iacr.org/2020/436},
  timestamp = {Mon, 11 May 2020 16:00:23 +0200},
  biburl    = {https://dblp.org/rec/journals/iacr/Maghrebi20.bib},
  bibsource = {dblp computer science bibliography, https://dblp.org}
}
@article{breiman_random_2001,
  author    = {Leo Breiman},
  title     = {Random Forests},
  journal   = {Mach. Learn.},
  volume    = {45},
  number    = {1},
  pages     = {5--32},
  year      = {2001},
  url       = {https://doi.org/10.1023/A:1010933404324},
  doi       = {10.1023/A:1010933404324},
  timestamp = {Mon, 02 Mar 2020 16:29:57 +0100},
  biburl    = {https://dblp.org/rec/journals/ml/Breiman01.bib},
  bibsource = {dblp computer science bibliography, https://dblp.org}
}
@article{rumelhart_learning_1986,
  added-at = {2019-05-21T10:10:49.000+0200},
  author = {Rumelhart, David E. and Hinton, Geoffrey E. and Williams, Ronald J.},
  biburl = {https://www.bibsonomy.org/bibtex/2a392597c4f9cff2cd3c96c2191fa1eb6/sxkdz},
  doi = {10.1038/323533a0},
  interhash = {c354bc293fa9aa7caffc66d40a014903},
  intrahash = {a392597c4f9cff2cd3c96c2191fa1eb6},
  journal = {Nature},
  keywords = {imported},
  number = 6088,
  pages = {533--536},
  timestamp = {2019-05-21T10:10:49.000+0200},
  title = {{Learning Representations by Back-propagating Errors}},
  url = {http://www.nature.com/articles/323533a0},
  volume = 323,
  year = 1986
}
@article{baydin_automatic_2017,
  author    = {Atilim Gunes Baydin and
               Barak A. Pearlmutter and
               Alexey Andreyevich Radul and
               Jeffrey Mark Siskind},
  title     = {Automatic Differentiation in Machine Learning: a Survey},
  journal   = {J. Mach. Learn. Res.},
  volume    = {18},
  pages     = {153:1--153:43},
  year      = {2017},
  url       = {http://jmlr.org/papers/v18/17-468.html},
  timestamp = {Wed, 10 Jul 2019 15:28:20 +0200},
  biburl    = {https://dblp.org/rec/journals/jmlr/BaydinPRS17.bib},
  bibsource = {dblp computer science bibliography, https://dblp.org}
}
@article{zhang_novel_2020, 
  title={A Novel Evaluation Metric for Deep Learning-Based Side Channel Analysis and Its Extended Application to Imbalanced Data}, 
  volume={2020}, 
  url={https://tches.iacr.org/index.php/TCHES/article/view/8583}, 
  DOI={10.13154/tches.v2020.i3.73-96}, 
  number={3}, 
  journal={IACR Transactions on Cryptographic Hardware and Embedded Systems}, 
  author={Zhang, Jiajia and Zheng, Mengce and Nan, Jiehui and Hu, Honggang and Yu, Nenghai}, 
  year={2020}, 
  month={Jun}, 
  pages={73-96} 
}
@article{cortes_svm_1995,
  author    = {Corinna Cortes and
               Vladimir Vapnik},
  title     = {Support-Vector Networks},
  journal   = {Mach. Learn.},
  volume    = {20},
  number    = {3},
  pages     = {273--297},
  year      = {1995},
  url       = {https://doi.org/10.1007/BF00994018},
  doi       = {10.1007/BF00994018},
  timestamp = {Mon, 02 Mar 2020 16:28:45 +0100},
  biburl    = {https://dblp.org/rec/journals/ml/CortesV95.bib},
  bibsource = {dblp computer science bibliography, https://dblp.org}
}
@article{szegedy_inception_2015,
  author    = {Christian Szegedy and
               Vincent Vanhoucke and
               Sergey Ioffe and
               Jonathon Shlens and
               Zbigniew Wojna},
  title     = {Rethinking the Inception Architecture for Computer Vision},
  journal   = {CoRR},
  volume    = {abs/1512.00567},
  year      = {2015},
  url       = {http://arxiv.org/abs/1512.00567},
  archivePrefix = {arXiv},
  eprint    = {1512.00567},
  timestamp = {Mon, 13 Aug 2018 16:49:07 +0200},
  biburl    = {https://dblp.org/rec/journals/corr/SzegedyVISW15.bib},
  bibsource = {dblp computer science bibliography, https://dblp.org}
}
@article{huang_densely_2016,
  author    = {Gao Huang and
               Zhuang Liu and
               Kilian Q. Weinberger},
  title     = {Densely Connected Convolutional Networks},
  journal   = {CoRR},
  volume    = {abs/1608.06993},
  year      = {2016},
  url       = {http://arxiv.org/abs/1608.06993},
  archivePrefix = {arXiv},
  eprint    = {1608.06993},
  timestamp = {Mon, 10 Sep 2018 15:49:32 +0200},
  biburl    = {https://dblp.org/rec/journals/corr/HuangLW16a.bib},
  bibsource = {dblp computer science bibliography, https://dblp.org}
}
@article{bruneau_optimal_2017,
  author    = {Nicolas Bruneau and
               Sylvain Guilley and
               Annelie Heuser and
               Damien Marion and
               Olivier Rioul},
  title     = {Optimal side-channel attacks for multivariate leakages and multiple
               models},
  journal   = {J. Cryptographic Engineering},
  volume    = {7},
  number    = {4},
  pages     = {331--341},
  year      = {2017},
  url       = {https://doi.org/10.1007/s13389-017-0170-9},
  doi       = {10.1007/s13389-017-0170-9},
  timestamp = {Tue, 19 Feb 2019 16:36:18 +0100},
  biburl    = {https://dblp.org/rec/bib/journals/jce/BruneauGHMR17},
  bibsource = {dblp computer science bibliography, https://dblp.org}
}
@article{lerman_power_2014,
  author    = {Liran Lerman and
               Gianluca Bontempi and
               Olivier Markowitch},
  title     = {Power analysis attack: an approach based on machine learning},
  journal   = {{IJACT}},
  volume    = {3},
  number    = {2},
  pages     = {97--115},
  year      = {2014},
  url       = {https://doi.org/10.1504/IJACT.2014.062722},
  doi       = {10.1504/IJACT.2014.062722},
  timestamp = {Sat, 27 May 2017 14:22:54 +0200},
  biburl    = {https://dblp.org/rec/bib/journals/ijact/LermanBM14},
  bibsource = {dblp computer science bibliography, https://dblp.org}
}
@article{lerman_machine_2015,
  author    = {Liran Lerman and
               Gianluca Bontempi and
               Olivier Markowitch},
  title     = {A machine learning approach against a masked {AES} - Reaching the
               limit of side-channel attacks with a learning model},
  journal   = {J. Cryptographic Engineering},
  volume    = {5},
  number    = {2},
  pages     = {123--139},
  year      = {2015},
  url       = {https://doi.org/10.1007/s13389-014-0089-3},
  doi       = {10.1007/s13389-014-0089-3},
  timestamp = {Fri, 26 May 2017 22:52:16 +0200},
  biburl    = {https://dblp.org/rec/bib/journals/jce/LermanBM15},
  bibsource = {dblp computer science bibliography, https://dblp.org}
}
@article{lerman_efficient_2019,
  author    = {Liran Lerman and
               Olivier Markowitch},
  title     = {Efficient Profiled Attacks on Masking Schemes},
  journal   = {{IEEE} Trans. Inf. Forensics Secur.},
  volume    = {14},
  number    = {6},
  pages     = {1445--1454},
  year      = {2019},
  url       = {https://doi.org/10.1109/TIFS.2018.2879295},
  doi       = {10.1109/TIFS.2018.2879295},
  timestamp = {Thu, 06 Aug 2020 13:53:02 +0200},
  biburl    = {https://dblp.org/rec/journals/tifs/LermanM19.bib},
  bibsource = {dblp computer science bibliography, https://dblp.org}
}
@article{martinasek_innovative_2013,
author = {Martinasek, Zdenek and Zeman, Vaclav},
year = {2013},
month = {06},
pages = {586-594},
title = {Innovative Method of the Power Analysis},
volume = {22},
journal = {Radioengineering}
}
@article{wegener_dlla_2019,
  author    = {Felix Wegener and
               Thorben Moos and
               Amir Moradi},
  title     = {{DL-LA:} Deep Learning Leakage Assessment: {A} modern roadmap for
               {SCA} evaluations},
  journal   = {{IACR} Cryptology ePrint Archive},
  volume    = {2019},
  pages     = {505},
  year      = {2019},
  url       = {https://eprint.iacr.org/2019/505},
  timestamp = {Fri, 07 Jun 2019 09:03:47 +0200},
  biburl    = {https://dblp.org/rec/bib/journals/iacr/WegenerM019},
  bibsource = {dblp computer science bibliography, https://dblp.org}
}
@article{robyns_improving_2019,
  author    = {Pieter Robyns and
               Peter Quax and
               Wim Lamotte},
  title     = {Improving {CEMA} using Correlation Optimization},
  journal   = {{IACR} Trans. Cryptogr. Hardw. Embed. Syst.},
  volume    = {2019},
  number    = {1},
  pages     = {1--24},
  year      = {2019},
  url       = {https://doi.org/10.13154/tches.v2019.i1.1-24},
  doi       = {10.13154/tches.v2019.i1.1-24},
  timestamp = {Thu, 15 Nov 2018 17:07:58 +0100},
  biburl    = {https://dblp.org/rec/bib/journals/tches/RobynsQL19},
  bibsource = {dblp computer science bibliography, https://dblp.org}
}
@article{prouff_theoretical_2009,
  author    = {Emmanuel Prouff and
               Matthieu Rivain},
  title     = {Theoretical and practical aspects of mutual information-based side
               channel analysis},
  journal   = {{IJACT}},
  volume    = {2},
  number    = {2},
  pages     = {121--138},
  year      = {2010},
  url       = {https://doi.org/10.1504/IJACT.2010.038306},
  doi       = {10.1504/IJACT.2010.038306},
  timestamp = {Sat, 27 May 2017 14:22:54 +0200},
  biburl    = {https://dblp.org/rec/bib/journals/ijact/ProuffR10},
  bibsource = {dblp computer science bibliography, https://dblp.org}
}
@article{chesirey_best_2019, 
  title={Best Information is Most Successful: Mutual Information and Success Rate in Side-Channel Analysis}, 
  volume={2019}, 
  url={https://tches.iacr.org/index.php/TCHES/article/view/7385}, 
  DOI={10.13154/tches.v2019.i2.49-79},
  number={2}, 
  journal={IACR Transactions on Cryptographic Hardware and Embedded Systems}, 
  author={de Chérisey, Eloi and Guilley, Sylvain and Rioul, Olivier and Piantanida, Pablo}, 
  year={2019}, 
  month={Feb}, 
  pages={49-79}
}
@article{montavon_methods_2018,
  author    = {Gr{\'{e}}goire Montavon and
               Wojciech Samek and
               Klaus{-}Robert M{\"{u}}ller},
  title     = {Methods for interpreting and understanding deep neural networks},
  journal   = {Digital Signal Processing},
  volume    = {73},
  pages     = {1--15},
  year      = {2018},
  url       = {https://doi.org/10.1016/j.dsp.2017.10.011},
  doi       = {10.1016/j.dsp.2017.10.011},
  timestamp = {Fri, 22 Dec 2017 15:37:42 +0100},
  biburl    = {https://dblp.org/rec/bib/journals/dsp/MontavonSM18},
  bibsource = {dblp computer science bibliography, https://dblp.org}
}
@article{wouters_revisiting_2020, 
  title={Revisiting a Methodology for Efficient CNN Architectures in Profiling Attacks},
  volume={2020},
  url={https://tches.iacr.org/index.php/TCHES/article/view/8586},
  DOI={10.13154/tches.v2020.i3.147-168},
  number={3},
  journal={IACR Transactions on Cryptographic Hardware and Embedded Systems},
  author={Wouters, Lennert and Arribas, Victor and Gierlichs, Benedikt and Preneel, Bart},
  year={2020},
  month={Jun},
  pages={147-168}
}
@article{belleville_maskara_2020,
  title={Maskara: Compilation of a Masking Countermeasure with Optimised Polynomial Interpolation},
  author={Belleville, Nicolas and Courouss{\'e}, Damien and Heydemann, Karine and Meunier, Quentin and El Ouahma, In{\`e}s Ben},
  journal={IEEE Transactions on Computer-Aided Design of Integrated Circuits and Systems},
  year={2020},
  publisher={IEEE}
}
@article{bronchain_dissection_2020, 
  title={Side-Channel Countermeasures’ Dissection and the Limits of Closed Source Security Evaluations},
  volume={2020},
  url={https://tches.iacr.org/index.php/TCHES/article/view/8542},
  DOI={10.13154/tches.v2020.i2.1-25},
  number={2},
  journal={IACR Transactions on Cryptographic Hardware and Embedded Systems},
  author={Bronchain, Olivier and Standaert, François-Xavier},
  year={2020},
  month={Mar},
  pages={1-25}
}
@article{picek_bias_2019,
  author    = {Daan van der Valk and
               Stjepan Picek},
  title     = {Bias-variance Decomposition in Machine Learning-based Side-channel
               Analysis},
  journal   = {{IACR} Cryptology ePrint Archive},
  volume    = {2019},
  pages     = {570},
  year      = {2019},
  url       = {https://eprint.iacr.org/2019/570},
  timestamp = {Fri, 07 Jun 2019 09:03:47 +0200},
  biburl    = {https://dblp.org/rec/bib/journals/iacr/ValkP19},
  bibsource = {dblp computer science bibliography, https://dblp.org}
}
@article{pfeifer_spread_2018,
  author    = {Christophe Pfeifer and
               Patrick Haddad},
  title     = {Spread: a new layer for profiled deep-learning side-channel attacks},
  journal   = {{IACR} Cryptology ePrint Archive},
  volume    = {2018},
  pages     = {880},
  year      = {2018},
  url       = {https://eprint.iacr.org/2018/880},
  timestamp = {Mon, 15 Oct 2018 13:22:26 +0200},
  biburl    = {https://dblp.org/rec/bib/journals/iacr/PfeiferH18},
  bibsource = {dblp computer science bibliography, https://dblp.org}
}
@article{srivastava_dropout_2014,
  author    = {Nitish Srivastava and
               Geoffrey E. Hinton and
               Alex Krizhevsky and
               Ilya Sutskever and
               Ruslan Salakhutdinov},
  title     = {Dropout: a simple way to prevent neural networks from overfitting},
  journal   = {Journal of Machine Learning Research},
  volume    = {15},
  number    = {1},
  pages     = {1929--1958},
  year      = {2014},
  url       = {http://dl.acm.org/citation.cfm?id=2670313},
  timestamp = {Sun, 05 Oct 2014 12:54:58 +0200},
  biburl    = {https://dblp.org/rec/bib/journals/jmlr/SrivastavaHKSS14},
  bibsource = {dblp computer science bibliography, https://dblp.org}
}
@article{hornik_approximation_1991,
  author    = {Kurt Hornik},
  title     = {Approximation capabilities of multilayer feedforward networks},
  journal   = {Neural Networks},
  volume    = {4},
  number    = {2},
  pages     = {251--257},
  year      = {1991},
  url       = {https://doi.org/10.1016/0893-6080(91)90009-T},
  doi       = {10.1016/0893-6080(91)90009-T},
  timestamp = {Wed, 14 Nov 2018 10:30:18 +0100},
  biburl    = {https://dblp.org/rec/journals/nn/Hornik91.bib},
  bibsource = {dblp computer science bibliography, https://dblp.org}
}
@article{hoang_plaintext_2020,
  title     = {Plaintext: A Missing Feature for Enhancing the Power of Deep Learning in Side-Channel Analysis? Breaking multiple layers of side-channel countermeasures},
  volume    = {2020},
  url       = {https://tches.iacr.org/index.php/TCHES/article/view/8677},
  DOI       = {10.13154/tches.v2020.i4.49-85},
  number    = {4},
  journal   = {IACR Transactions on Cryptographic Hardware and Embedded Systems},
  author    = {Hoang, Anh-Tuan and Hanley, Neil and O’Neill, Maire},
  year      = {2020},
  month     = {Aug},
  pages     = {49-85}
}
@article{shannon_communication_1949,
  author    = {Claude E. Shannon},
  title     = {Communication theory of secrecy systems},
  journal   = {Bell Syst. Tech. J.},
  volume    = {28},
  number    = {4},
  pages     = {656--715},
  year      = {1949},
  url       = {https://doi.org/10.1002/j.1538-7305.1949.tb00928.x},
  doi       = {10.1002/j.1538-7305.1949.tb00928.x},
  timestamp = {Sat, 30 May 2020 20:01:09 +0200},
  biburl    = {https://dblp.org/rec/journals/bstj/Shannon49a.bib},
  bibsource = {dblp computer science bibliography, https://dblp.org}
}
@article{wang_tandem_2020,
  author    = {Huanyu Wang and
               Elena Dubrova},
  title     = {Tandem Deep Learning Side-Channel Attack Against {FPGA} Implementation
               of {AES}},
  journal   = {{IACR} Cryptol. ePrint Arch.},
  volume    = {2020},
  pages     = {373},
  year      = {2020},
  url       = {https://eprint.iacr.org/2020/373},
  timestamp = {Mon, 11 May 2020 15:56:23 +0200},
  biburl    = {https://dblp.org/rec/journals/iacr/WangD20.bib},
  bibsource = {dblp computer science bibliography, https://dblp.org}
}
@article{belghazi_mine_2018,
  author    = {Ishmael Belghazi and
               Sai Rajeswar and
               Aristide Baratin and
               R. Devon Hjelm and
               Aaron C. Courville},
  title     = {{MINE:} Mutual Information Neural Estimation},
  journal   = {CoRR},
  volume    = {abs/1801.04062},
  year      = {2018},
  url       = {http://arxiv.org/abs/1801.04062},
  archivePrefix = {arXiv},
  eprint    = {1801.04062},
  timestamp = {Mon, 13 Aug 2018 16:46:51 +0200},
  biburl    = {https://dblp.org/rec/journals/corr/abs-1801-04062.bib},
  bibsource = {dblp computer science bibliography, https://dblp.org}
}
@article{wang_ridge_2018,
  author    = {Weijia Wang and
               Yu Yu and
               Fran{\c{c}}ois{-}Xavier Standaert and
               Junrong Liu and
               Zheng Guo and
               Dawu Gu},
  title     = {Ridge-Based {DPA:} Improvement of Differential Power Analysis For
               Nanoscale Chips},
  journal   = {{IEEE} Trans. Inf. Forensics Secur.},
  volume    = {13},
  number    = {5},
  pages     = {1301--1316},
  year      = {2018},
  url       = {https://doi.org/10.1109/TIFS.2017.2787985},
  doi       = {10.1109/TIFS.2017.2787985},
  timestamp = {Thu, 06 Aug 2020 13:53:11 +0200},
  biburl    = {https://dblp.org/rec/journals/tifs/WangYSLGG18.bib},
  bibsource = {dblp computer science bibliography, https://dblp.org}
}
@article{mangard_one_2011,
  author    = {Stefan Mangard and
               Elisabeth Oswald and
               Fran{\c{c}}ois{-}Xavier Standaert},
  title     = {One for all - all for one: unifying standard differential power analysis
               attacks},
  journal   = {{IET} Inf. Secur.},
  volume    = {5},
  number    = {2},
  pages     = {100--110},
  year      = {2011},
  url       = {https://doi.org/10.1049/iet-ifs.2010.0096},
  doi       = {10.1049/iet-ifs.2010.0096},
  timestamp = {Thu, 27 Aug 2020 13:16:24 +0200},
  biburl    = {https://dblp.org/rec/journals/iet-ifs/MangardOS11.bib},
  bibsource = {dblp computer science bibliography, https://dblp.org}
}
@article{perin_keep_2020, 
  title={Keep it Unsupervised: Horizontal Attacks Meet Deep Learning},
  volume={2021},
  url={https://tches.iacr.org/index.php/TCHES/article/view/8737},
  DOI={10.46586/tches.v2021.i1.343-372},
  author={Perin, Guilherme and Chmielewski, Łukasz and Batina, Lejla and Picek, Stjepan},
  year={2020},
  month={Dec.},
  pages={343-372}
}
@article{ouladj_spectral_2021,
  author={Maamar Ouladj and
          Sylvain Guilley and
          Philippe Guillot and
          Farid Mokrane},
  year={2021},
  title={Spectral approach to process the (multivariate) high-order template attack against any masking scheme},
  journal={{J}ournal of {C}ryptographic {E}ngineering ({JCEN})},
  url={https://doi.org/10.1007/s13389-020-00253-4},
  DOI={10.1007/s13389-020-00253-4}
}
%%%%%%%%%%%%%%%%%%%%%%%%%%%%%%%%%%%%%%%%%%%%%%%%%%%%%%%%%%%%%%%%%%%%%%%%%%%%%%%%
%                                 AUTRES                                       %
%%%%%%%%%%%%%%%%%%%%%%%%%%%%%%%%%%%%%%%%%%%%%%%%%%%%%%%%%%%%%%%%%%%%%%%%%%%%%%%%
@misc{zaid_ranking_2020,
   author       = {Gabriel Zaid and Lilian Bossuet and François Dassance and Amaury Habrard and Alexandre Venelli},
   title        = {Ranking Loss: Maximizing the Success Rate in Deep Learning Side-Channel Analysis},
   howpublished = {Cryptology ePrint Archive, Report 2020/872},
   year         = {2020},
   note         = {\url{https://eprint.iacr.org/}},
}
@misc{sensitivity_wiki,
  author = "Wikipedia",
  title = "Sensitivity analysis",
  year = 2019,
  url = "https://en.wikipedia.org/wiki/Sensitivity_analysis"
}
@misc{nielsen_neural_2018,
  added-at = {2019-01-15T22:46:49.000+0100},
  author = {Nielsen, Michael A.},
  biburl = {https://www.bibsonomy.org/bibtex/274383acee84241145ff4ffede9658206/slicside},
  interhash = {04d527cadd39f888fc3babcad3343362},
  intrahash = {74383acee84241145ff4ffede9658206},
  keywords = {ba-2018-hahnrico},
  publisher = {Determination Press},
  timestamp = {2019-01-15T22:46:49.000+0100},
  title = {Neural Networks and Deep Learning},
  type = {misc},
  howpublished = {\url{http://neuralnetworksanddeeplearning.com/}},
  year = 2018
}
@misc{masure_understanding_2018,
  author = {Loïc Masure and Cécile Dumas and Emmanuel Prouff},
  title  = {Understanding a CNN attack: as crucial as succeeding in it},
  year   = {2018}
}
@misc{ugon_portable_1977,
  Title                    = {Portable data carrier including a microprocessor},

  Author                   = {Ugon, Michel},
  HowPublished             = {US4211919A},
  Year                     = {1977}
}
@misc{moreno_methods_1974,
  Title                    = {Methods of data storage and data storage systems},

  Author                   = {Moreno, Roland},
  HowPublished             = {US3971916A},
  Year                     = {1974}
}
@misc{dumoulin_guide_2016,
    title={A guide to convolution arithmetic for deep learning},
    author={Vincent Dumoulin and Francesco Visin},
    year={2016},
    eprint={1603.07285},
    archivePrefix={arXiv},
    primaryClass={stat.ML}
}
@misc{TikZ:for:Cryptographers,
  author = {J\'er\'emy Jean},
  title = {{TikZ for Cryptographers}},
  howpublished = {
    \url{https://www.iacr.org/authors/tikz/}
  },
  year = {2016},
}
@misc{elie_scadl_2020,
  author = {Elie Burzstein and Jean-Michel Picod},
  title  = {A Hacker's guide to reducing side-channel attack surfaces using deep-learning},
  year   = {2020},
  howpublished = {\href{https://elie.net/talk/a-hacker-guide-to-side-channel-attack-surface-reduction -using-deep-learning/}{https://elie.net/talk/a-hacker-guide-to-side-channel-attack-surface-reduction-using-deep-learning/}}
}
